3986 5440
1061 267 1064 274 Δ
1114 304 1122 341 t
1194 283 1202 340 ’.

941 473 1050 526 Μ
1103 449 1162 538 16.
1200 493 1311 526 νυν

326 689 399 742 ros·
413 690 492 742 nou
511 661 739 764 occurentia.
790 665 932 762 Ignoto,
955 663 1059 772 quod
1079 687 1201 762 gentas
1214 663 1354 736 deficit.
1398 641 1449 736 ‘Si
1471 659 1577 738 mihi
1595 663 1788 738 retulisses
1812 664 1916 736 nomi·
1967 721 1969 794 q

325 829 377 878 na
394 807 612 896 allatorum,
639 802 894 874 desideratum
915 799 1211 894 inquisivissem,
1238 815 1353 893 atque
1368 799 1575 870 misissem.
1628 801 1740 898 Forte
1755 798 1917 872 estDaru'
1968 799 1969 878 ξ

324 945 404 1040 (71)
430 939 572 1032 species
587 937 685 1008 Dara
710 939 803 1034 (72),
830 938 940 1026 cujus
953 939 1128 1030 exempla
1147 937 1191 1006 in
1205 937 1355 1030 Europa
1370 957 1450 1006 non
1463 939 1720 1029 reperiuntur.
1769 923 1916 1006 Fortasse
1966 891 1969 1014 i

321 1075 488 1172 singulis
525 1048 728 1170 generibus
757 1071 1044 1164 aliquantulum
1077 1073 1341 1164 testaremur,
1365 1093 1497 1142 rarum
1521 1069 1621 1142 illud
1649 1085 1779 1140 autem
1810 1085 1918 1140 totum

324 1213 574 1286 abstulerunt.
626 1207 816 1302 Equidem
842 1209 1088 1280 vehementer
1109 1208 1226 1302 cupio
1250 1231 1271 1278 a
1295 1223 1335 1279 te
1352 1207 1557 1302 epistolam
1577 1208 1749 1301 accipere
1771 1205 1916 1297 aliquan

323 1363 369 1417 ut
402 1347 448 1416 de
463 1393 467 1400 -
480 1345 591 1414 rebus
620 1344 699 1414 tuis
726 1343 863 1414 certior
883 1345 983 1414 fiam.
1035 1344 1246 1415 Historiam
1267 1342 1582 1438 Hayatunnaids,
1609 1341 1656 1412 de
1685 1366 1760 1436 qua
1786 1337 1901 1412 dixisti

323 1481 397 1553 tibi
428 1481 656 1572 descriptam
682 1501 772 1551 cum
793 1479 881 1549 aliis
919 1479 1020 1576 apud
1045 1503 1108 1550 me
1139 1479 1256 1550 nutui
1285 1494 1354 1550 tuo
1390 1501 1555 1571 reservo,
1605 1478 1747 1570 quibus
1780 1475 1915 1568 insuper

323 1617 415 1688 duas
444 1616 536 1684 alias
557 1615 755 1704 adjiciam„
800 1615 928 1686 Etiam
952 1615 1126 1710 possideo
1153 1615 1364 1686 chronicon
1397 1635 1551 1712 regum,
1593 1615 1726 1684 decem
1754 1609 1924 1710 regalibus*

324 1751 448 1824 aureis
471 1751 536 1822 hic
551 1773 572 1820 a
588 1775 650 1822 me
667 1765 835 1842 emtum,
860 1717 998 1848 exigud
1014 1773 1104 1822 sane
1119 1752 1253 1846 pretio.
1277 1769 1281 1772 ·
1305 1751 1441 1842 Ethoc
1455 1771 1546 1820 cum
1559 1749 1699 1843 lepidis
1716 1743 1915 1842 quibusdam

325 1887 638 1977 historiunculis‚
680 1909 771 1979 quas
804 1885 1028 1982 describam,
1071 1887 1144 1956 tibi
1170 1885 1325 1956 mittere
1346 1885 1498 1956 animus
1521 1900 1579 1956 est
1587 1909 1600 1986 ᾗ
1642 1885 1710 1956 sed
1737 1883 1794 1955 mi
1810 1883 1914 1967 trater,

324 2025 480 2119 plagula
509 2023 628 2118 regali
647 2045 759 2092 aureo
788 2010 947 2096 constat.
1000 2021 1111 2124 Quod¹
1129 2021 1262 2092 sivero
1279 2021 1486 2116 pecuniam
1508 2022 1586 2092 huc
1614 2021 1794 2092 mandare
1815 2018 1914 2086 solue

204 2175 213 2190 ⁸
322 2159 391 2248 ris,
419 2159 558 2230 manda
584 2159 727 2254 regales
757 2181 905 2250 aureos,
940 2181 1031 2228 nam
1058 2159 1289 2234 Francorum
1309 2156 1410 2249 apud
1438 2157 1507 2226 nos
1529 2155 1638 2228 valde
1662 2157 1856 2252 ambiguus
1875 2162 1916 2219 est

323 2297 443 2384 valor,
471 2309 510 2364 et
528 2293 686 2384 quidem
705 2299 878 2385 centum,
891 2321 893 2327 ⁴
906 2293 952 2362 ob
970 2313 1173 2386 maguum,
1199 2314 1275 2384 quo
1290 2315 1524 2388 separamur,
1551 2292 1736 2388 spatium,
1760 2284 1916 2382 necquic·

326 2452 442 2522 quam
469 2443 599 2498 metue
602 2477 795 2502 ......
853 2515 856 2522 Δ

345 2641 353 2651 ,
430 2562 691 2656 Suprascripta
723 2561 884 2654 epistola
906 2576 964 2631 est
985 2565 1207 2658 exemplum
1228 2563 1343 2656 alius,
1371 2579 1488 2656 quam
1508 2585 1576 2658 per
1599 2563 1818 2635 Liburnum
1838 2555 1877 2628 ad
1890 2569 1917 2624 te

327 2687 434 2789 misi,
473 2713 631 2769 curante
655 2697 769 2768 fratre
792 2697 1077 2768 Muhammedis
1107 2754 1115 2770 .
1216 2701 1285 2794 qui
1312 2700 1354 2768 in
1381 2699 1509 2770 insula
1529 2699 1668 2771 Melite
1695 2699 1856 2786 habitat5
1889 2703 1917 2759 tt

324 2837 404 2925 jam
422 2835 533 2905 credo
555 2857 639 2904 eam
660 2833 894 2927 pervenisse,
923 2833 1015 2926 quia
1037 2835 1112 2904 duo
1133 2835 1212 2906 fere
1229 2835 1474 2930 praeterlapsi
1496 2851 1588 2906 sunt
1616 2811 1778 2906 menses.
1828 2829 1916 2900 Nunc

326 2973 393 3042 has
411 2973 556 3042 litteras
581 2993 648 3064 per
664 2944 880 3040 Massiliam
901 2945 1072 3042 ferendas
1096 2970 1246 3060 adjicio.
1273 2971 1396 3042 Hodie
1417 2987 1547 3042 tamen
1572 2971 1690 3064 scias,
1718 2959 1918 3055 novamepi·

329 3109 468 3178 stolam
490 3087 615 3177 datam
638 3107 700 3175 die
716 3105 903 3198 ngaji,
927 3129 996 3200 per
1013 3107 1241 3202 Tergestum
1259 3107 1458 3178 accessisse
1474 3131 1494 3178 e
1510 3130 1585 3200 qua
1601 3107 1774 3204 cognovi,
1799 3097 1919 3176 semina

327 3243 459 3340 omnia
471 3242 517 3310 ad
532 3257 570 3310 te
585 3265 665 3311 esse
679 3243 811 3332 allata,
839 3257 994 3335 excepta
1012 3243 1143 3314 Bamia
1164 3247 1263 3340 (73),
1291 3245 1400 3332 cujus
1419 3243 1503 3337 tibi,
1531 3245 1682 3336 quando
1698 3245 1775 3316 alia
1794 3240 1918 3314 mitum

327 3377 545 3471 portionem
572 3377 742 3470 aliquam
766 3377 955 3476 adjiciam.

309 3555 311 3560 ·
429 3513 566 3582 Innuis
589 3533 749 3636 quoque?
771 3513 951 3600 juvenem
963 3537 1008 3583 ex
1025 3514 1156 3586 amicis
1177 3529 1214 3584 et
1227 3513 1426 3607 discipulis
1441 3513 1520 3584 tuis
1538 3513 1709 3608 aliquem
1728 3517 1805 3586 huc
1817 3505 1919 3582 venire

327 3651 441 3740 velle,
469 3646 608 3719 litteris
624 3646 801 3718 docendis
817 3647 919 3742 quod
941 3649 1044 3723 vitae
1057 3649 1344 3721 necessitatibus
1362 3650 1527 3721 sufficiat
1541 3652 1832 3744 acquisiturum.
1868 3635 1919 3714 Sed

318 3779 383 3857 'mi
400 3786 531 3877 frater,
559 3783 632 3854 hoc
648 3783 681 3852 si
695 3785 859 3854 voluerit
875 3785 1122 3884 frustrabitur
1130 3811 1142 3878 5
1193 3809 1273 3856 non
1288 3760 1461 3878 acquiretv
1473 3809 1593 3879 aquae
1610 3811 1728 3880 quam
1738 3787 1850 3876 bibet,
1862 3795 1921 3875 prr

325 3923 428 3996 tium
436 3945 447 4013 3
475 3943 568 3992 nam
580 3919 807 4014 disciplinae
819 3921 909 3993 illae
927 3921 1046 3995 nihili
1063 3922 1164 4016 apud
1181 3945 1261 3993 nos·
1275 3921 1563 4014 existimantur,
1590 3939 1628 4005 et
1652 3946 1787 3996 omnes
1811 3941 1862 3993 res
1874 3933 1921 3984 11⁰·

327 4069 424 4133 stiae
454 4056 615 4128 omnino
642 4056 753 4128 aliter
782 4079 822 4127 se
848 4058 1000 4131 habent.
1053 4059 1124 4132 His
1155 4057 1299 4129 accedit
1320 4025 1480 4150 tempus
1497 4051 1726 4156 angustum,
1754 4076 1795 4131 et
1813 4068 1923 4148 magnl

328 4213 502 4269 annonae
518 4193 653 4265 caritas
667 4193 710 4262 in
730 4193 918 4270 mercium
933 4193 1093 4265 vilitate.
1145 4195 1207 4264 Tu
1219 4186 1310 4264 'vero
1326 4193 1382 4266 mi
1398 4193 1528 4286 frater,
1558 4218 1608 4266 ne
1623 4195 1767 4266 litteris
1785 4192 1858 4266 tuis
1875 4201 1924 4260 not

330 4329 475 4402 diutius
495 4352 618 4404 carere
637 4330 751 4406 sinas.
806 4331 903 4402 'Pota'
925 4329 1059 4404 domus
1080 4353 1164 4404 mea
1178 4346 1217 4401 te
1230 4331 1371 4402 salvere
1386 4331 1493 4418 jubet
1511 4329 1733 4424 pariterque
1748 4321 1819 4428 ego
1830 4326 1925 4397 salute

331 4466 565 4559 sempiterna
588 4467 781 4562 impertio.
833 4466 989 4542 Amicus
1008 4481 1098 4540 tuus
1127 4462 1171 4536 N.
1227 4465 1421 4560 Scriptum
1442 4467 1593 4538 Tunete
1615 4481 1783 4540 exeunte
1799 4467 1927 4538 Decea

331 4599 398 4672 bre
419 4600 514 4672 anni
539 4603 832 4700 MDCCGXVII.
934 4631 943 4653 ’
1847 4601 1850 4613 ’
