3986 5440
878 497 988 528 §w
1042 477 1087 550 18
1137 495 1245 528 ut·

256 705 336 756 non
350 681 481 750 solum
500 673 628 745 omnia
649 691 782 768 grenm
808 689 904 760 quae
927 681 1008 736 sata
1035 677 1160 756 erant,
1186 677 1318 734 exusta
1343 679 1457 754 sunt,
1479 663 1695 760 omnisque
1719 664 1885 738 interiit

255 815 406 904 messis,
432 827 471 882 et
500 807 639 880 eximie
663 803 825 874 increvit
844 799 1013 895 pretium
1040 820 1228 886 annonae,
1248 819 1345 888 quae
1367 821 1447 868 una
1474 821 1566 870 curn
1589 799 1740 870 hordeo
1765 824 1788 870 e
1812 825 1881 872 sex

228 914 233 924 Δ
256 946 450 1024 mensibus
466 945 572 1034 mari,
598 940 731 1036 pretiis
747 935 968 1034 ingentibus
985 933 1032 1003 ad
1052 955 1121 1002 nos
1144 931 1365 1024 advehitur,
1390 933 1488 1024 quin
1505 933 1640 1002 oleum
1654 924 1808 1008 'defecit
1827 960 1887 1008 ca-

257 1084 348 1158 loris
374 1078 640 1178 magnitudine
667 1074 785 1144 olivas
805 1071 849 1140 in
876 1069 1068 1140 arboribus
1095 1068 1354 1138 comburente.
1402 1071 1528 1158 Atque
1557 1067 1632 1136 iste
1669 1070 1804 1140 fervor
1839 1071 1885 1142 in

257 1243 368 1294 causa
383 1217 478 1307 fuit,
504 1209 604 1304 quod
620 1209 738 1302 pestis
762 1203 885 1276 desiit.
937 1205 1080 1274 Verum
1100 1217 1231 1272 tamen
1250 1201 1325 1270 lroc
1353 1223 1476 1292 anno,
1503 1201 1652 1297 gratiae
1675 1173 1886 1276 babendae

254 1370 348 1428 sunt
360 1355 460 1442 Deo,
485 1351 588 1441 larga
604 1365 671 1414 nos
692 1343 823 1437 pluria
839 1339 1029 1409 Dominus
1048 1353 1177 1407 noster
1192 1336 1366 1426 donarit,
1394 1352 1432 1404 et
1449 1337 1625 1406 multum
1644 1337 1804 1410 bonurn
1815 1342 1887 1410 ho-

256 1492 381 1562 mines
413 1483 662 1558 seminarunt.
711 1475 871 1548 Utinam
888 1476 992 1545 Deus
1017 1496 1086 1542 sua
1106 1495 1194 1568 erga
1216 1491 1286 1540 nos
1303 1470 1491 1540 beneficia
1513 1475 1673 1568 augeat!
1728 1477 1885 1545 Amen!

355 1755 547 1826 Praeterea
566 1763 703 1820 notum
724 1761 764 1816 te
788 1743 906 1832 facio,
934 1741 1036 1836 quod
1053 1741 1220 1836 septimo
1243 1753 1373 1810 octavo
1395 1753 1436 1808 et
1461 1763 1566 1810 nono
1588 1742 1795 1836 praeteriti
1814 1745 1883 1816 Fe·

254 1889 399 1964 bruari'i
416 1887 477 1957 die
490 1885 693 1956 vehemens
714 1897 754 1952 et
765 1879 895 1973 rapida
907 1877 1047 1947 accidit
1059 1877 1236 1970 procella,
1263 1873 1450 1970 grandine
1466 1891 1506 1945 et
1521 1877 1655 1969 pluria
1671 1877 1883 1951 decidente

256 2026 428 2119 marique
441 2023 702 2094 tumultuante
716 2033 754 2086 et
769 2016 931 2086 furente.
948 2013 994 2082 ln
1004 2027 1118 2104 portu
1134 2025 1263 2080 nostro
1279 2009 1431 2078 circiter
1443 2011 1606 2107 triginta
1618 2037 1735 2084 naves
1751 2032 1886 2106 erant,

258 2161 431 2260 equibus
444 2180 523 2229 non
542 2157 618 2226 nisi
640 2157 802 2247 quatuor
820 2148 1077 2240 autquinque
1095 2160 1260 2216 servatae
1277 2161 1381 2236 sunt,
1388 2144 1626 2236 reliquarum
1646 2171 1735 2242 pars
1748 2151 1794 2219 in
1812 2153 1880 2222 lit·

255 2305 337 2372 tore
354 2297 489 2385 fracta,
514 2313 599 2384 pars
626 2293 705 2381 (39)
733 2285 830 2354 mari
845 2284 1039 2351 submersa
1060 2296 1128 2350 est.
1178 2277 1289 2348 Unde
1308 2301 1496 2374 magnum
1513 2285 1796 2354 mercatoribus
1818 2309 1880 2356 ac·

246 2415 354 2504 'cidit
374 2429 568 2498 damnum.
618 2423 699 2514 Ego
716 2437 866 2510 quoque
881 2414 974 2484 duos
994 2413 1110 2484 lintei
1128 2413 1243 2482 fasces
1265 2415 1471 2508 habebam,
1498 2441 1592 2509 quos
1607 2419 1784 2490 Liburno
1815 2445 1878 2491 ac·-

258 2585 448 2663 ceperam,
474 2573 520 2629 ut
545 2577 606 2626 eos
625 2577 648 2624 a
667 2551 939 2648 possessoribus
958 2548 1002 2618 in
1031 2548 1252 2649 clientelam
1271 2572 1400 2620 meam
1421 2553 1708 2627 commendatos
1734 2557 1877 2626 rende-

209 2781 210 2786 ,
257 2723 340 2773 rem
352 2723 364 2790 3
415 2694 479 2766 sed
501 2689 642 2790 gratiae
667 2689 745 2757 sint
765 2687 867 2778 Deo,
894 2700 983 2755 ante
998 2698 1264 2778 tempestatem
1287 2685 1397 2754 illam
1424 2689 1506 2781 (75)
1532 2687 1579 2758 ad
1600 2703 1744 2762 terram
1760 2693 1875 2762 allati

258 2841 361 2907 sunt.
413 2831 530 2920 Scias,
558 2825 615 2896 mi
634 2826 764 2914 lrater,
788 2819 906 2915 pestis
928 2837 1118 2914 tempore,
1145 2841 1240 2912 quae
1266 2819 1438 2910 quotidie
1466 2821 1578 2892 mille
1600 2823 1783 2895 homines
1806 2849 1874 2920 pe·

256 2968 421 3061 rierunt,
448 2987 578 3036 omnes
598 2960 733 3032 Franci
747 2957 988 3045 (Christiani)
1006 2955 1188 3026 Consules
1206 2969 1245 3022 et
1260 2955 1446 3047 permulti
1465 2957 1553 3048 alii,
1582 2957 1763 3030 domibus
1784 2963 1873 3034 stris
1971 3037 1974 3044 ,

256 3105 405 3176 inclusi
422 3117 545 3192 erant,
573 3120 643 3194 ego
666 3117 815 3188 quoque
838 3093 919 3186 ipse
936 3090 1014 3160 nisi
1035 3089 1078 3160 in
1097 3089 1275 3158 manibus
1293 3089 1389 3158 meis
1407 3089 1573 3162 fuissent
1592 3094 1872 3190 mercimonia,

256 3239 469 3311 amicorum
491 3255 681 3322 meorum,
708 3251 803 3320 quae
820 3226 1038 3314 venderem,
1066 3224 1109 3295 in
1127 3225 1238 3294 horto
1258 3245 1322 3293 me
1346 3223 1586 3319 inclusums,
1612 3243 1681 3298 aut
1696 3230 1872 3322 primam

259 3369 449 3471 quamque
464 3369 660 3466 regionem
672 3363 863 3458 petiturus
882 3361 1054 3430 fuissem.
1105 3359 1248 3450 Lintei,
1276 3359 1513 3430 involvendis
1528 3362 1775 3434 cadaveribus
1788 3367 1872 3438 ido-

255 3503 340 3603 nei,
365 3479 536 3603 pretium
557 3501 723 3572 maxime
745 3495 904 3566 increvit
910 3521 923 3588 3
957 3518 1027 3565 nec
1051 3490 1288 3566 libros'mihi
1307 3501 1523 3588 comparere
1541 3497 1670 3591 potui,
1696 3499 1868 3594 timens,

218 3667 221 3675 ·
254 3670 305 3722 ne
323 3659 429 3740 peste
444 3635 638 3732 inquinati
656 3648 798 3723 essent,
832 3653 1014 3724 eumque,
1049 3629 1118 3722 qui
1140 3652 1204 3699 eos
1225 3645 1418 3725 tangeret,
1445 3631 1656 3724 laederent,
1692 3633 1775 3704 nisi
1798 3638 1871 3708 ubi
1935 3669 1938 3674 ·

254 3807 323 3882 per
344 3775 593 3875 quadraginta
616 3770 694 3842 dies
720 3767 798 3840 adri
820 3767 984 3861 expositi
1000 3782 1114 3858 atque
1134 3764 1187 3836 ita
1209 3740 1365 3862 purgati
1388 3781 1525 3837 essent.
1578 3767 1668 3837 Vidi
1693 3784 1734 3840 te
1757 3771 1870 3842 milri

251 3917 402 3992 misisse
431 3909 529 3985 CLX
556 3907 716 3977 florenos
737 3925 810 3998 pro·
835 3902 961 3994 libris,
978 3897 1245 3994 -pretiumque
1268 3901 1443 3972 chronici
1467 3903 1654 3974 Kermalii
1680 3907 1869 3980 statuisse

251 4051 500 4153 quadraginta
515 4059 554 4116 et
571 4057 654 4113 octo
672 4042 815 4136 regales
832 4061 980 4128 aureos,
1006 4039 1168 4107 Hamsae
1181 4059 1267 4105 vero
1284 4035 1550 4129 Ispahanensis
1567 4038 1713 4108 librum
1729 4041 1867 4113 decern

174 4277 182 4288 Δ
248 4193 404 4292 regales.
456 4181 565 4280 Quod
575 4176 719 4270 fecisti,
745 4169 803 4246 mi
827 4171 999 4264 domine,
1026 4185 1084 4242 est
1105 4173 1286 4264 salutare,
1314 4187 1353 4242 et
1371 4172 1444 4244 tibi
1465 4173 1639 4265 proficiat
1671 4175 1756 4270 (7⁶)
1772 4198 1869 4272 gau·

176 4347 178 4360 ·
251 4319 389 4421 dioque
407 4322 460 4394 sit
477 4335 545 4414 pto
563 4317 775 4411 voluptate,
802 4331 918 4402 quam
941 4323 981 4380 te
1000 4309 1148 4378 salvum
1171 4329 1251 4376 esse
1273 4306 1455 4401 percipio.
1507 4307 1622 4378 Hisce
1640 4311 1865 4406 mensibus,

249 4455 578 4562 pretio'vilissimo
598 4447 749 4524 venditi
769 4459 862 4517 suut
880 4443 969 4515 libri
989 4443 1197 4514 hominum
1216 4457 1323 4536 peste
1342 4441 1629 4536 defunctorum,
1656 4466 1776 4536 quare
1793 4447 1866 4517 ite-
1964 4499 1967 4502 -

248 4623 338 4678 rum
356 4611 395 4672 te
414 4595 562 4688 hortor,
587 4604 634 4660 ut
654 4579 860 4684 pecuniam
877 4579 1029 4676 mittas,
1054 4577 1353 4672 necquidquam
1371 4577 1551 4670 verearis,
1577 4577 1697 4650 etiam
1723 4579 1759 4652 si
1779 4581 1865 4656 sint
1948 4581 1955 4593 “
