3986 5440
705 427 1071 514 mg5m*

42 667 45 674 .
86 609 240 716 timent,
267 635 390 708 neque
404 603 625 713 proximum
645 627 794 704 amant,
819 609 891 684 tibi
912 613 1086 703 notifico,
1113 609 1170 682 mi
1191 607 1512 703 miserantissime,
1536 627 1599 681 nae
1615 607 1691 682 boo

85 745 124 817 in
138 729 285 818 mundo
299 745 444 836 injuria
460 769 700 845 oppressum,
727 747 792 820 sed
808 749 869 836 ius
882 761 1015 818 meum
1027 761 1051 816 a
1065 746 1147 817 Deo
1162 746 1291 820 hocin
1305 747 1448 817 mundo
1458 761 1497 816 et
1513 745 1555 818 in
1569 745 1688 817 altero

25 943 26 946 ,
68 883 331 986 ¹obtenturum
343 873 437 956 esse.
486 887 556 956 Pro
569 895 636 956 tua
652 899 690 955 et
705 870 894 954 bonorum
912 880 980 975 qui
996 879 1121 953 Deum
1136 895 1282 972 amant,
1310 883 1433 952 saluta
1446 903 1595 976 semper
1606 901 1687 976 pre·
1740 877 1743 882 '
1863 931 1866 940 .

84 993 153 1106 cor}
203 1015 327 1087 Miser
339 1042 426 1114 ego,
454 1017 588 1117 inigne
602 1033 804 1112 tractatus,
825 1015 998 1091 sacerdos
1012 1014 1085 1086 Dei
1099 1009 1320 1107 celsissimi,
1348 1011 1490 1104 injuria
1505 1015 1686 1108 expulsus

85 1151 126 1221 N.
154 1203 165 1224 .
189 1205 197 1226 .
223 1153 614 1252 Bethlehemita,(93)
641 1153 905 1249 eprimeribus
921 1151 1203 1244 llierosolymae
1220 1153 1448 1246 primatum,
1475 1151 1687 1246 patriamet

85 1298 237 1380 gentem
252 1310 378 1356 meam
394 1304 548 1383 propter
561 1305 732 1360 sanctam
747 1289 862 1360 fidem
884 1285 1087 1379 dereliqui,
1113 1303 1159 1358 ac*
1169 1287 1214 1357 de
1236 1287 1413 1358 omnibus
1435 1285 1547 1358 sectis
1563 1285 1688 1377 iisque

85 1417 298 1493 innumeris
314 1419 356 1489 in
371 1422 525 1492 Oriente
541 1439 579 1493 et
591 1425 811 1515 Occidente,
837 1424 918 1493 Deo
933 1421 1103 1510 adjutus,
1130 1421 1276 1514 optime
1292 1421 1435 1511 merui,
1463 1421 1572 1512 ctrjus
1586 1393 1692 1490 sum·¹

84 1575 190 1622 mum
215 1576 363 1626 numen
388 1556 495 1628 testis
518 1573 584 1630 est.
636 1559 770 1632 Postea
787 1559 936 1632 bonum·
955 1557 1057 1627 malo
1077 1553 1342 1650 rependerunt.
1395 1555 1520 1630 Tuam
1549 1553 1685 1654 igitur,

25 1693 27 1698 ’
82 1687 137 1758 lili
157 1687 355 1760 carissime
374 1691 538 1786 imploro
551 1771 552 1776 ,
565 1673 1053 1788 (93*)·misericocdiam·et
1067 1689 1297 1782 amicitiam,
1324 1673 1368 1785 ut
1388 1691 1489 1786 apud
1508 1689 1603 1762 viros
1619 1711 1686 1784 gu·

81 1821 334 1896 bernaculum
361 1841 558 1929 tenentes,
592 1849 684 1920 quos
712 1827 837 1919 nosti,
879 1825 1047 1897 reditum
1073 1839 1247 1894 nostrum
1279 1825 1320 1896 in
1344 1825 1540 1898 Lutetiam
1565 1845 1683 1896 cures.

82 1955 194 2050 erod
216 1957 320 2036 mibi
338 1957 471 2030 feceris
497 1925 609 2053 boni,
640 1939 773 2031 feceris
790 1961 891 2048 Deo,
921 1981 992 2028 nec
1013 1957 1114 2028 mihi
1134 1957 1300 2028 detineas
1319 1959 1446 2030 literas
1468 1977 1571 2049 tuas,
1596 1979 1686 2028 nam

78 2091 204 2161 miser
217 2113 306 2160 sum
323 2083 360 2162 et
377 2091 493 2165 miser
503 2095 608 2167 nihil
633 2093 709 2166 nisi
724 2093 939 2165 Deurnsaut
956 2091 1018 2165 tui
1040 2091 1185 2164 similes
1201 2092 1326 2164 habet.
1377 2085 1476 2164 Scias
1491 2113 1605 2188 penes
1617 2113 1686 2162 nos

80 2245 164 2296 esse
178 2223 480 2332 expositionem,
507 2227 631 2300 afiliis
652 2225 1031 2318 nostrisMamlultis‚
1060 2227 1204 2298 arabice
1223 2227 1493 2321 conscriptam,
1520 2242 1689 2324 spectan-

25 2409 26 2414 =
83 2377 161 2432 tem
181 2381 312 2431 meam
334 2375 373 2433 et
389 2361 561 2457 ipsorum
580 2377 773 2436 aeternam
793 2377 832 2434 et
852 2359 1103 2464 temporalem
1122 2361 1296 2438 salutem.
1348 2363 1453 2462 Rogo
1477 2353 1604 2456 te,'ut
1618 2386 1686 2460 pro

26 2573 27 2582 ,
84 2511 149 2566 tua
175 2469 419 2593 benignitate
445 2495 809 2594 eaminterpreteris
836 2512 876 2569 et
897 2498 1119 2592 imperatori
1145 2503 1226 2597 (94)
1253 2495 1393 2570 tradas:
1439 2499 1479 2570 Si
1501 2503 1582 2612 lleo
1608 2503 1686 2594 pla·

86 2630 222 2722 cuerit,
250 2653 370 2703 manu
398 2649 465 2705 tua
495 2635 693 2730 proveniet
716 2636 873 2707 bonum.
907 2635 1046 2740 'Quare
1071 2657 1141 2706 nos
1172 2636 1346 2708 certiores
1372 2635 1505 2728 facias,
1545 2651 1590 2706 ut
1614 2633 1687 2704 tibi

86 2753 336 2864 scriptionem
349 2767 459 2842 illam
470 2767 687 2862 mittamus3
712 2786 882 2842 actuum
896 2784 965 2860 est,
991 2761 1048 2842 mi
1061 2769 1136 2862 fili,
1163 2769 1260 2839 vires
1270 2759 1474 2842 ¹intendere
1487 2784 1524 2840 et
1536 2770 1578 2840 in
1593 2767 1688 2838 redi·

86 2919 168 2974 turn
189 2915 368 2975 nostrum
385 2899 539 3000 operam
555 2905 796 3000 impendere:
820 2920 893 3000 ego
915 2903 1022 2990 enim
1037 2919 1146 2998 pater
1159 2917 1249 2974 tuus
1270 2925 1312 2976 ac
1330 2905 1445 2978 frater
1458 2923 1557 2976 sum.
1607 2901 1688 2974 Me·

86 3053 212 3112 mento
231 3059 376 3134 panem
402 3045 483 3137 (95)
508 3055 548 3111 et
561 3041 633 3131 sal,
669 3061 764 3134 quae
778 3061 847 3110 nos
869 3037 1124 3112 intercedunt.
1177 3037 1374 3111 Summam
1395 3041 1516 3138 igitur
1535 3057 1688 3136 operam

57 3239 61 3244 .
88 3169 147 3244 des
160 3171 306 3244 reditui
319 3191 462 3266 nostro,
489 3191 624 3270 utpote
639 3176 708 3268 qui
720 3175 825 3248 haud
838 3174 1004 3272 ignoras,
1030 3195 1186 3250 omnem
1202 3191 1369 3248 nostram
1384 3177 1587 3272 pecuniam
1605 3197 1706 3252 essa,

26 3307 30 3315 '
89 3321 252 3404 ereptam
269 3297 519 3407 quadraginta
530 3297 677 3404 'septem
692 3287 973 3389 scilicetmillie
988 3323 1026 3381 et
1036 3310 1265 3408 quingentos
1282 3315 1441 3410 regales,
1469 3337 1557 3388 cum
1567 3338 1588 3384 c
1600 3329 1687 3410 rege

88 3441 128 3515 in
142 3443 312 3516 Galliam
322 3429 577 3541 relegarentur
596 3447 628 3517 is
655 3447 699 3519 in
712 3445 906 3518 Pontificis
927 3447 1086 3520 maximi
1103 3439 1233 3518 odium
1247 3467 1315 3520 noe
1339 3451 1500 3543 vocavit,
1528 3469 1572 3522 eo
1586 3447 1687 3539 quod

89 3597 184 3649 anno
199 3579 475 3654 MDCGXCIII
503 3583 601 3654 viros
630 3581 790 3681 triginta
815 3581 906 3654 duos
933 3581 977 3654 iu
996 3583 1108 3653 domo
1131 3599 1258 3656 nostra
1277 3587 1623 3669 occultaveramus,
1642 3593 1687 3648 ut

89 3713 200 3816 morti
219 3732 288 3783 eos
308 3713 559 3816 eriperemus,
592 3719 701 3808 cujus
724 3717 780 3790 rei
804 3715 1024 3788 testimonie
1052 3713 1315 3811 probatissima
1346 3721 1514 3790 virorum
1537 3709 1689 3809 perplu-

90 3821 188 3948 rium
203 3847 448 3944 principum,
476 3853 618 3926 ducum
642 3859 723 3953 (94)
750 3869 789 3924 et
807 3847 1054 3943 sacerdotum,
1081 3853 1361 3948 hominumque
1377 3853 1423 3924 de
1436 3851 1545 3942 plebe
1564 3843 1689 3914 etiae·

90 3982 285 4056 minarum
304 4006 419 4076 penes
449 4011 518 4060 nos
544 4001 646 4063 sunt.
715 3991 796 4064 iam
815 3987 921 4060 venit
947 3989 1020 4062 Aid
1047 3989 1262 4085 Be'galensis
1282 4005 1396 4081 teque
1411 3977 1689 4070 salvereiubett

92 4105 260 4210 itemque
271 4119 459 4218 'iosephus
478 4128 596 4220 Ataya
614 4139 653 4195 et
674 4121 852 4218 Ibrahym
866 4121 1060 4214 centurio,
1085 4124 1329 4210 Michaelque
1343 4109 1501 4202 Cyprius
1518 4113 1690 4182 centurio

89 4239 282 4326 cnm'iilio
305 4275 373 4328 suo
387 4259 533 4334 Henna.
573 4261 807 4356 Dareusque
822 4257 1107 4358 ¹liumurrumau
1127 4271 1297 4328 necnon
1317 4239 1493 4328 Sclrahyn
1519 4245 1692 4346 centurio
1809 4273 1813 4278 ¹*
1894 4238 1898 4248 ’

830 4627 834 4636 ,
882 4525 908 4623 4
