3986 5440
1629 214 1654 291 ιι·
1685 229 1691 298 Ι.

1658 465 1716 540 111

110 699 245 776 ceteris
271 688 604 776 nomino'Patrem
625 695 841 768 Gratantur
864 695 1031 788 Taourt,
1056 696 1356 792 Damascenum,
1380 697 1619 776 Mamocaar
1640 703 1715 778 Ars·

107 933 233 987 usam
244 909 514 999 Tuaetanum,
553 913 594 976 et
621 903 700 994 iam
724 901 876 976 sedibus
900 903 1063 976 terrenis
1096 919 1273 999 ereptum
1293 905 1523 1008 Mrcmmr
1550 907 1739 984 Sunion

105 1120 363 1209 aconensem,
387 1113 486 1186 viros
504 1109 677 1184 doctriua
692 1121 733 1182 et
747 1110 963 1187 eruditione
981 1110 1338 1207 excellentissimos,
1365 1113 1541 1206 mihique
1561 1114 1605 1186 in
1621 1135 1714 1210 pau·

105 1326 161 1396 cis
175 1333 291 1398 caro's.
342 1324 420 1394 Nec
438 1321 594 1418 silentio
612 1315 817 1416 praeterire
829 1335 960 1418 gratus
977 1321 1131 1392 animus
1145 1335 1264 1399 vetat,
1291 1320 1419 1393 virum
1431 1321 1604 1416 beatum,
1636 1321 1714 1398 Mt·

42 1563 45 1572 ·
104 1553 275 1606 emmau
301 1531 411 1630 Sasu,
443 1531 680 1626 Aegyptum,
710 1490 1076 1636 Msmlukorumque
1101 1488 1343 1602 centuriones
1369 1529 1648 1602 anamma
1673 1543 1713 1601 et

105 1741 271 1854 [numu
291 1759 382 1812 cum
401 1737 656 1830 horum'tota
683 1735 727 1806 in
748 1759 864 1829 quarn
881 1736 1062 1848 benevole
1080 1753 1253 1832 receptus
1272 1761 1377 1832 sum,
1401 1737 1570 1830 familia3
1622 1755 1713 1810 cum
1779 1803 1787 1816 ,

64 1919 68 1928 ’
88 1901 166 2017 ‘his
185 1945 365 2018 omnibus
381 1960 421 2018 et
441 1945 527 2017 aliis
546 1939 713 2016 Arabicis
735 1956 774 2016 et
790 1943 961 2037 ipsarum
985 1959 1025 2018 et
1034 1937 1214 2036 'mearum
1227 1967 1357 2016 rerum
1375 1943 1712 2019 causalitterarum

101 2152 384 2224 commercium
399 2149 522 2242 colui,
548 2147 649 2240 quod
671 2169 795 2239 neque
814 2163 901 2241 post
915 2151 1047 2233 meum
1062 2149 1289 2243 discessum,
1314 2173 1438 2242 neque
1452 2165 1540 2244 post
1555 2151 1712 2224 illorum
1732 2247 1734 2254 Ι

102 2359 247 2454 partim
268 2356 312 2428 in
331 2345 495 2451 patriam
517 2355 684 2462 restitum
704 2376 877 2447 unquam
891 2355 1006 2428 cessit
1022 2371 1061 2426 et
1076 2355 1169 2428 alios
1188 2355 1307 2426 etiam
1320 2304 1474 2449 Arabes,
1500 2373 1594 2450 quos
1613 2379 1712 2429 nun·

104 2517 222 2660 cuam
237 2579 347 2636 antea
365 2586 490 2635 coram
505 2561 632 2634 videre
656 2562 886 2660 contigerat,
908 2561 1010 2634 mihi
1035 2547 1253 2648 conciliavit
1272 2561 1375 2636 etad
1395 2563 1540 2636 litteras
1557 2541 1711 2666 mecum

105 2771 397 2846 commutandas
409 2769 597 2842 incitavit.
647 2771 750 2893 Illuc
764 2765 911 2842 iactum
937 2785 1013 2864 est,
1039 2739 1089 2844 ut*
1098 2736 1305 2867 plusquam
1326 2773 1506 2844 ducentas
1527 2772 1707 2868 epistolas

105 2984 150 3053 ab
171 2979 355 3051 Arabibus
377 2981 624 3073 conscriptas,
651 2977 795 3050 sensim
811 2975 1034 3072 acciperem.
1086 2979 1194 3074 Quod
1207 2997 1329 3072 quum
1348 3002 1396 3050 ex
1409 2978 1530 3050 amico
1548 2980 1711 3072 quodam

106 3187 314 3281 audivisset
338 3185 606 3257 celeberrimus
633 3187 990 3279 nostrarumve,
1014 3183 1073 3256 vir
1094 3185 1139 3256 de
1158 3185 1294 3256 studiis
1317 3185 1564 3282 orientalibus
1580 3188 1712 3284 impri-

1 3399 2 3402 ’
83 3433 86 3440 =
108 3394 182 3466 mis
202 3391 381 3485 meritus,
407 3355 538 3462 auctor
556 3391 657 3461 mihi
678 3389 747 3460 ille
767 3391 861 3485 fuit,
886 3407 932 3462 ut
955 3351 1091 3462 earum
1111 3394 1318 3464 nonnullas
1337 3395 1573 3488 publicarem
1593 3419 1712 3502 eoque

108 3599 221 3689 morlo
245 3595 292 3677 ad
308 3600 455 3690 stylum
471 3599 639 3670 Arabum
655 3597 897 3692 epistolarem
921 3598 1058 3670 clarius
1077 3599 1382 3698 cognoscendum
1407 3603 1553 3694 aliquid
1570 3604 1713 3673 conier-

109 3791 219 3878 rems
254 3804 356 3908 Huic
377 3805 556 3897 consilio,
582 3821 628 3876 ut
648 3773 903 3912 satisfaberem
923 3806 1093 3903 quamvis
1117 3809 1327 3891 nonnullae
1349 3831 1481 3880 causae
1506 3791 1744 3902 obstarent„

111 4008 206 4083 aliae
221 3958 354 4081 'tamen
376 4011 480 4082 haud
497 4031 639 4112 paucae
659 4035 720 4086 me
739 3959 991 4108 impulerunt.
1043 4013 1126 4084 Jam
1148 4013 1277 4108 itaque
1297 4015 1340 4084 in
1358 3965 1557 4108 publicum
1578 4012 1714 4099 emitto

112 4222 270 4290 selectas
298 4217 479 4309 quasdam
502 4213 700 4312 epistolas,
727 4199 944 4312 auctorum,
959 4197 1014 4322 'ut
1029 4235 1119 4314 pote
1137 4235 1310 4314 exparte
1337 4217 1460 4287 adhuc
1482 4215 1713 4315 viventium,

109 4423 337 4500 nominibus
363 4424 571 4495 maximam
591 4441 738 4519 partem
754 4426 941 4525 ,omissis²¹⁴
957 4425 1087 4520 ‘iisque
1101 4425 1296 4496 schedulas
1318 4419 1480 4512 aliquas,
1506 4423 1716 4496 testimonia
