3986 5440
695 475 881 550 mu?
931 485 1070 530 we
1145 477 1151 495 ‘

69 661 254 734 miserunt
266 653 427 755 triginta
439 661 551 730 nares
567 656 727 746 majores
743 671 783 728 et
795 655 963 752 minores
986 652 1160 752 peditatu
1175 669 1214 725 et
1230 654 1406 748 equitatu
1417 669 1674 749 apparatuque

68 796 190 876 omnis
206 793 354 892 generis
374 793 514 863 bellico
536 792 739 884 confertas,
766 814 862 886 quae
885 789 962 861 diei
974 789 1159 882 Mercurii
1181 805 1300 860 noctu
1326 789 1674 902 cumtribusnari·

67 925 131 1002 bus¹
145 928 275 1026 longis
302 932 382 1024 (34)
419 926 639 1018 duabusque
660 926 849 996 telocibus
876 930 957 1018 (35)
982 925 1172 1021 profectae
1192 939 1300 1018 sunt,
1328 913 1483 997 nemine
1501 947 1576 1018 quo
1590 940 1673 998 ten·

65 1067 206 1142 derent-
230 1085 314 1140 non
341 1044 503 1158 ignaro‚'.
544 1083 697 1134 summo
727 1059 856 1132 classis
884 1032 1076 1152 praelecto
1103 1059 1197 1167 (36)=
1216 1058 1282 1130 hic
1307 1055 1560 1136 remanente.¹
1589 1061 1674 1130 Jam
1723 1097 1730 1108 ,

66 1206 143 1302 (37)
188 1221 276 1268 vero
308 1195 523 1284 audivimus
570 1195 706 1266 multis
755 1195 801 1266 de
839 1194 1013 1286 jacturis,
1057 1217 1147 1287 quas
1189 1195 1290 1290 passi
1331 1211 1424 1267 sunt
1461 1194 1568 1268 'Galli
1597 1185 1692 1290 'ip'

67 1335 146 1405 sius
159 1331 390 1426 Napoleonis
404 1329 588 1424 auspicio.
612 1331 750 1402 Itidem
767 1332 811 1402 in
826 1331 936 1404 ltalia
953 1330 1139 1446 exercitus
1157 1331 1237 1420 ejus
1250 1353 1333 1425 pars
1346 1352 1487 1426 magna
1504 1328 1674 1425 periisse,
1734 1367 1743 1382 =
1776 1297 1779 1304 Ι

66 1471 140 1544 alia
165 1467 283 1544 etiam
317 1467 510 1562 aufugisse
536 1466 697 1558 dicitur,
746 1465 937 1560 hodieque
968 1481 1124 1538 narrant
1163 1467 1375 1538 exercitum
1395 1465 1675 1538 Germanorum

64 1625 267 1703 occupasse
284 1603 551 1676 Mediolanum
572 1616 611 1672 et
626 1601 669 1672 in
688 1601 767 1672 dies
786 1601 997 1695 procedere.
1049 1601 1159 1673 Nihil
1176 1601 1333 1694 mirum,
1362 1592 1462 1694 quod
1482 1615 1570 1696 post
1589 1599 1675 1670 hos-

63 1741 167 1812 tium
188 1724 398 1810 discessum
417 1761 605 1834 magnum
622 1735 686 1808 hic
708 1739 941 1808 celebratum
964 1752 1023 1808 est
1041 1737 1200 1832 festum,
1226 1761 1295 1833 per
1318 1736 1422 1807 diem
1444 1749 1483 1806 et
1502 1749 1684 1824 noctem,-

62 1873 290 1948 hominibus
312 1894 401 1964 prae
418 1874 543 1943 multo
564 1887 602 1941 et
618 1870 740 1962 nimio
765 1871 904 1968 gaudio
926 1871 1225 1945 lacrimantibus.
1277 1870 1464 1964 Oamice5
1482 1870 1674 1941 Dominus

65 1975 329 2086 creaturarum
346 2006 513 2100 respexit
531 2027 727 2096 eos,.suos
752 2003 940 2098 cultores,
965 1992 1259 2100 aerumnasque}
1284 2005 1497 2076 liberandos
1510 1975 1697 2100 benigne¹

64 2163 233 2232 curans„
255 2137 426 2208 sustulit.
474 2139 535 2208 lta
554 2139 659 2210 Deus
682 2139 788 2210 OM
807 2155 976 2218 vestrum
997 2163 1148 2232 quoque
1169 2161 1299 2236 regem
1319 2162 1410 2210 cum
1426 2136 1625 2212 Germanis
1639 2151 1679 2211 et

62 2274 265 2352 Ruthenis
282 2272 442 2351 victores,
463 2287 637 2364 praestet.
689 2275 838 2344 Vellem
858 2275 960 2346 mihi
979 2273 1193 2366 nuntiares,
1221 2297 1297 2367 quo
1317 2293 1427 2346 ‘nunc
1447 2271 1679 2346 tendatGal·

62 2415 198 2486 torum
216 2406 404 2484 exercitus
423 2421 524 2476 etan
543 2429 676 2477 verum
693 2407 761 2499 sit,
789 2408 1001 2480 exercitum
1012 2385 1277 2480 Ruthenicum
1288 2409 1473 2480 Rhenum
1499 2407 1579 2500 (38)
1605 2420 1679 2478 tra·

3 2635 6 2648 ι
64 2546 242 2636 jecisse‚,
273 2542 342 2634 qui
367 2541 513 2614 Galliae
536 2541 644 2612 sistit
672 2543 779 2614 fines.
831 2545 946 2616 Nune
975 2542 1032 2614 mi
1060 2544 1175 2616 frater
1197 2544 1264 2616 hic
1286 2567 1389 2616 mare
1414 2559 1474 2616 est
1493 2541 1677 2635 liberum,

63 2703 135 2776 pro
149 2677 280 2752 lubitu
293 2677 446 2760 venitur
457 2677 629 2746 etabitur
643 2678 922 2772 (39),undique
935 2680 1184 2772 appellantur
1203 2701 1314 2749 naves
1330 2677 1524 2772 liberoque
1538 2679 1679 2776 gaudet

64 2813 260 2908 oppidum
271 2825 384 2903 portu
399 2813 490 2908 (40),
508 2811 582 2890 hoc
594 2827 652 2882 est
678 2813 927 2884 mercimonia
937 2812 1084 2884 intrant
1098 2827 1138 2883 et
1152 2827 1294 2882 exeunt
1306 2813 1390 2884 sine
1403 2811 1571 2906 portorio
1587 2816 1680 2909 (41).

63 2949 237 3022 Litteras
250 2960 333 3016 tuas
355 2969 405 3016 ne
424 2945 614 3039 praecidas
640 2947 752 3017 mihi.
803 2947 966 3048 Vale-in
980 2947 1270 3041 sempiternum.
1337 2947 1518 3018 mexm
1534 2943 1678 3020 mensis

62 3082 292 3156 Novembris
325 3081 418 3152 anni
444 3082 712 3154 MDCCCXIII
744 3083 917 3177 Tergesti
949 3081 1053 3153 urbe.
1100 3133 1104 3140 -

223 3215 374 3287 Eodem.
397 3237 472 3307 quo
495 3195 632 3286 'datum
654 3217 921 3314 subsignamus
954 3229 1151 3288 momento
1178 3218 1259 3314 (42)
1298 3214 1532 3311 percipimus
1551 3217 1679 3292 Gallos

10 3338 14 3352 '
65 3352 247 3448 Lipsiam
261 3352 396 3422 urbem
412 3349 589 3442 intrasse,
613 3348 877 3444 praeliumque
889 3351 999 3424 aliud
1009 3351 1052 3422 in
1064 3317 1440 3425 Italiaeommiseum
1452 3375 1544 3448 esse,
1571 3377 1592 3424 e
1605 3375 1680 3448 quo

66 3488 177 3561 Galli
194 3485 355 3560 uictores
380 3483 579 3556 evaserint.
629 3485 822 3556 Dominus
848 3502 976 3564 noster
1001 3486 1142 3558 efficiat
1160 3485 1365 3580 optimum.
1417 3489 1680 3582 Dom..Alhag
1790 3571 1800 3594 x

64 3607 189 3698 Ornat
215 3675 225 3695 .
334 3636 374 3692 et
388 3620 494 3691 filius
507 3620 590 3708 ejus
603 3621 717 3694 Dona
731 3621 940 3718 Mustaplra
952 3637 991 3696 et
1001 3623 1115 3697 Dom.
1127 3621 1299 3698 Achmsa
1311 3621 1543 3726 Algeriensis
1561 3618 1681 3716 pluri·

66 3775 193 3840 mate
209 3759 333 3832 salute
344 3755 587 3852 impertiunt.
631 3737 646 3760 ³
839 3785 843 3790 ·
