4010 5446
937 487 1319 584 *mmm*
1434 533 1440 540 ·

338 701 500 782 musque
522 691 649 764 Deum
663 695 706 766 0.
723 692 779 766 M.
811 691 941 766 Nunc
960 709 1002 766 te
1014 693 1223 766 'canumet
1240 691 1422 784 facimus,
1442 690 1584 782 'iratam
1600 688 1759 782 ,ami'ee,
1789 691 1861 762 'rios
1881 689 1939 760 ha·

339 821 471 900 diemo
491 825 552 898 die
569 805 803 920 proiecturas
828 851 908 900 esse
923 831 1086 902 Fontem
1102 830 1351 924 Bellaqueum
1376 833 1503 920 (ψ).
1553 825 1643 900 Meo
1666 809 1938 900 nornine'salu

336 973 417 1028 tem
433 961 642 1054 plurimem
663 963 764 1034 dicas
780 963 914 1036 domus
932 981 1021 1038 tuae
1032 945 1262 1060 possessori,
1289 963 1404 1058 teque
1426 965 1612 1054 salutant,
1637 959 1707 1054 qui
1728 957 1937 1055 praesenta

338 1109 430 1166 sont
452 1089 668 1190 exknostris'.
719 1099 921 1172 Precamur
940 1101 1067 1172 Deum
1081 1101 1124 1174 0.
1140 1099 1214 1190 NL,
1240 1113 1286 1170 ut
1300 1119 1368 1170 nos
1385 1119 1475 1172 cum
1497 1097 1585 1170 luce
1602 1093 1716 1166 faciei
1740 1091 1936 1167 tuaebresi

207 1323 215 1332 .
339 1229 564 1326 conjungat,
593 1248 706 1326 teque
721 1251 905 1332 protegat.
954 1233 1009 1304 Ab
1023 1225 1146 1305 amisis
1158 1232 1307 1306 sincero
1419 1231 1553 1326 ,Ayd
1579 1225 1849 1329 Begalensi.

443 1367 583 1436 Octavo
593 1367 739 1438 Mensis
756 1369 1021 1448 Vendemiaire
1046 1368 1139 1442 anni
1159 1367 1256 1440 XIV.

1113 1609 1178 1682 IX.

370 1783 373 1794 ·
490 1738 669 1833 Exemplo
693 1763 905 1834 prostrata,
939 1741 1371 1837 columnaefprimatum,
1413 1739 1602 1836 potentio,
1637 1736 1828 1830 dignitate
1852 1743 1885 1802 et
1905 1725 1935 1800 vi

543 1889 691 1956 ornato,
721 1875 851 1973 fratri
876 1879 1088 1966 carissimo,
1130 1899 1221 1950 auro
1247 1877 1552 1968 exquisitissimo,
1586 1891 1755 1966 garunna
1779 1861 1933 1940 moadi-

490 2099 495 2110 .
542 2023 621 2100 tae,
655 2010 773 2108 cujus,
804 2013 837 2082 si
862 2015 939 2108 ipse
957 2014 1079 2106 abest,
1119 2033 1192 2083 non
1217 2011 1320 2082 abest
1345 2012 1420 2098 vis,
1444 2025 1506 2104 μ,
1544 2009 1577 2082 si
1602 2003 1852 2102 colloquitur,
1876 1996 1933 2066 md

528 2143 646 2240 satur
670 2149 720 2218 ab
746 2147 819 2244 ejus
844 2150 988 2242 lingua,
1029 2149 1176 2220 domino
1202 2147 1291 2230 N..
1319 2195 1365 2216 ..
1528 2125 1535 2132 ’

441 2309 529 2380 Post
546 2313 754 2404 plurimam
774 2318 955 2406 salutem,
989 2315 1291 2406 declaratamque
1315 2313 1351 2383 ei
1370 2312 1521 2406 copiam
1550 2308 1749 2399 desiderii,
1795 2295 1930 2376 nuntia
1980 2393 1981 2396 Ἴ

342 2461 447 2528 mus,
474 2465 538 2512 cor
561 2461 599 2514 et
621 2427 771 2518 animus
792 2462 968 2518 nostrum
992 2465 1143 2543 prorsus
1166 2447 1322 2541 apudte
1345 2471 1442 2540 esse,
1469 2442 1795 2538 quemadmodum
1810 2452 1931 2512 notum

342 2589 399 2642 est
412 2573 493 2646 Deo
508 2577 549 2648 O.
562 2577 616 2650 M
643 2581 692 2650 Et
705 2581 738 2652 si
757 2580 802 2652 de
812 2581 919 2654 nobis
935 2582 1241 2680 interrogaveris,
1268 2584 1365 2654 bene
1390 2585 1577 2680 valemus,
1605 2602 1754 2674 nosque
1767 2561 1930 2652 nonnisi

344 2703 390 2778 de
408 2723 447 2778 te
464 2725 501 2780 et
522 2711 568 2782 de
584 2717 707 2788 salute
725 2732 791 2788 tua
804 2717 1097 2814 interrogamus,
1125 2741 1222 2812 quae
1236 2741 1411 2790 summus
1428 2733 1605 2788 votorum
1617 2731 1837 2788 nostrorum
1856 2701 1930 2777 finis

343 2857 417 2933 est,
447 2862 485 2915 et
499 2849 705 2924 voluntatis
721 2869 869 2924 nostrae
882 2856 1082 2926 terminus.
1134 2856 1308 2940 Tovem,
1340 2855 1396 2926 mi
1411 2855 1542 2943 irater,
1570 2851 1692 2924 saluta
1705 2869 1850 2934 omnes,
1874 2833 1930 2934 qui

224 3005 227 3015 ·
345 2975 390 3048 de
410 2981 517 3052 nobis
538 2982 871 3084 interrogaverint,
899 3011 1043 3088 egoque
1064 3005 1245 3062 venturus
1263 3005 1301 3062 et
1320 2991 1469 3060 visarus
1479 3008 1570 3058 sum
1590 2986 1715 3056 visum
1727 3001 1843 3058 tuum
1861 2969 1928 3046 ieli-

343 3132 435 3186 cem.
490 3120 616 3214 Certe,
643 3139 761 3218 certe,
797 3125 893 3196 vale!
1280 3127 1312 3196 A
1337 3127 1356 3196 J
1363 3126 1545 3206 ohanne
1571 3136 1677 3218 patre
1702 3100 1927 3192 iohannis·

1100 3363 1144 3434 X.

490 3487 671 3561 Dominae
697 3491 929 3583 dignissimae
955 3495 998 3566 K.
1034 3465 1179 3589 conjugi
1207 3497 1353 3568 Domini
1385 3497 1424 3573 T.
1439 3473 1523 3591 filii
1548 3497 1596 3566 N.
1625 3543 1634 3560 .
1665 3547 1674 3565 .
1703 3499 1811 3582 (133)

445 3657 664 3749 Carissimo,
691 3683 758 3754 per
775 3659 974 3733 oculomm
994 3657 1150 3734 tuorum
1177 3665 1311 3754 vitam,
1340 3665 1469 3734 animo
1491 3679 1559 3734 tuo
1585 3663 1764 3758 injunge,
1790 3673 1837 3728 ut
1854 3663 1930 3722 cum

344 3787 466 3862 Maria
487 3793 741 3887 Hemonensi,
776 3819 872 3888 quae
896 3800 997 3893 apud
1018 3799 1173 3870 fratrem
1196 3821 1326 3872 meum
1345 3800 1553 3893 Iosephum
1572 3797 1665 3888 tuit,
1699 3781 1930 3884 colloqueris,

342 3945 439 3996 num
452 3927 546 3998 velit
561 3928 606 3999 ad
625 3952 687 4001 me
703 3929 848 4022 venire,
876 3933 1051 4027 mihique
1065 3933 1213 4004 servire.
1263 3935 1503 4027 Responsum
1514 3935 1595 4022 ejus
1611 3931 1713 4004 mihi
1740 3925 1865 4011 reoda,
1889 3931 1931 3984 ὓ

343 4059 436 4132 vetit
456 4085 526 4134 nec
547 4085 607 4134 ne.
661 4063 816 4158 Semper
832 4081 902 4162 ego
924 4068 1100 4138 officium
1122 4083 1235 4139 tuum
1253 4067 1462 4158 celebrabo,
1489 4082 1529 4137 et
1541 4066 1821 4163 benignitatem
1835 4066 1936 4142 ΜΝ.

344 4213 427 4284 oro,
454 4214 517 4288 ut,
544 4200 578 4272 si
601 4199 786 4293 acceperis
812 4202 1000 4276 nuntium
1022 4203 1067 4274 de
1086 4202 1223 4274 morito
1245 4219 1330 4296 tuo,
1357 4203 1526 4274 Domino
1545 4203 1590 4274 T.
1615 4201 1782 4298 benigne
1809 4191 1848 4268 id
1866 4199 1931 4260 me*

224 4395 231 4402 .
345 4344 446 4398 oum·
467 4335 737 4409 communices.
788 4337 920 4410 Valere
946 4361 1061 4435 perge
1069 4363 1080 4428 3
1125 4359 1192 4434 pro
1220 4353 1259 4408 te
1287 4357 1429 4431 precor.
1480 4335 1610 4408 Saluta
1634 4355 1769 4431 *omnes
1795 4324 1929 4406 amic&-

251 4451 254 4456 ’
343 4459 531 4536 Nostrates
556 4493 686 4542 omnes
700 4487 739 4542 te
758 4474 940 4544 salutant.
1001 4473 1074 4544 Die
1090 4469 1248 4544 XXVIII
1261 4471 1429 4544 ianuarii
1446 4470 1539 4542 anni
1558 4471 1795 4546 MDCCCVI.

1323 4605 1454 4676 Amica
1482 4621 1547 4678 tuo
1573 4605 1618 4676 N.
1645 4659 1652 4675 .
1681 4657 1722 4676 ..
1775 4601 1871 4673 Uxor
1892 4579 1930 4658 Ν·
