3986 5440
904 485 1114 544 §est-12
1166 499 1275 530 §w

305 713 313 720 ·
346 755 352 783 ,¹
430 651 595 746 Libriub
612 667 898 767 proverbiorum
916 667 1214 740 usitamm'eo
1237 640 1721 762 quomeeum'oenmisu
1749 693 1793 744 es
1817 691 1904 768 pre·

283 811 341 886 tio
357 810 431 882 tibi
454 810 621 880 mittum.
669 807 812 882 Itidem
835 805 1093 902 syngropbtm
1118 803 1233 906 (56*)
1258 805 1390 898 occepi
1414 805 1463 876 de
1482 807 1716 906 ccccxvn
1743 807 1903 880 florenis

282 957 323 1022 et
341 947 414 1020 XX
438 943 662 1043 nosipsi-is,
687 959 729 1014 et
746 942 847 1036 vidi,
872 955 919 1014 ut
941 955 987 1014 tn
1008 941 1167 1033 quidem
1193 955 1306 1010 antea
1331 940 1432 1010 mibi
1455 940 1719 1035 nuntiaverss,
1747 943 1904 1017 natm

188 1091 192 1098 '
283 1083 407 1180 pretio
433 1080 577 1152 Haririi
603 1079 707 1152 nibil
733 1077 933 1150 addidisse.
983 1079 1198 1174 Argentum
1222 1075 1324 1148 mihi
1347 1075 1483 1148 datum
1509 1089 1568 1146 est
1593 1098 1617 1145 a
1647 1077 1825 1175 Cbavtga
1856 1079 1903 1156 N.

281 1223 390 1292 Deus
408 1233 576 1289 tuamet
594 1217 677 1308 ejus
689 1217 855 1286 salutem
877 1213 1082 1310 adaugeat!
1113 1215 1218 1310 (57).·
1262 1213 1351 1284 Cras
1365 1209 1403 1282 ei
1427 1210 1575 1282 tradam
1592 1211 1739 1314 librum
1752 1237 1905 1308 prover·

242 1419 246 1450 ,
271 1331 491 1426 'ntorumet
513 1352 717 1424 historiam
740 1348 831 1442 equi
847 1319 1050 1420 Maimoun
1076 1351 1177 1442 (58),
1217 1371 1290 1422 nec
1314 1367 1395 1418 non
1421 1346 1567 1418 librum
1589 1348 1829 1444 ineptiarum
1856 1347 1903 1422 in

282 1487 542 1562 Kambouscbi
566 1491 648 1582 (59)
663 1485 848 1577 iudiciis,
879 1483 1103 1577 quindecim
1121 1482 1420 1556 historiunculas
1442 1479 1565 1554 risum
1581 1501 1777 1558 moventes
1799 1507 1902 1557 conr·

279 1621 526 1720 plectentem.
578 1621 750 1717 Quorum
777 1643 929 1692 summa
950 1619 1069 1694 efficit
1090 1641 1157 1688 sex
1178 1619 1355 1714 plagulas
1372 1631 1412 1688 et
1430 1615 1659 1711 dimidium,
1685 1621 1899 1715 decemque

243 1803 247 1812 ·
281 1757 436 1832 florenis
455 1771 621 1850 constat,
646 1757 800 1854 singtssa
821 1757 981 1852 plagula
1003 1769 1167 1848 quatuor
1179 1753 1333 1826 Francis
1354 1751 1589 1847 aestimatis,
1622 1777 1715 1848 quas
1734 1779 1802 1828 sex
1821 1759 1902 1851 ple-

282 1896 391 1992 gulas
423 1891 581 1985 quidem
599 1915 668 1988 pro
686 1891 818 1964 decem
835 1891 915 1964 illis
937 1889 1091 1962 florenis
1108 1913 1189 1962 esse
1208 1891 1317 1982 volo,
1344 1911 1510 1983 quorum
1523 1910 1593 1981 pro
1606 1889 1702 1962 cista
1711 1901 1902 1988 ‘expenso-

283 2047 371 2101 rum
380 2029 570 2104 rationem
582 2028 804 2102 exhibuisti.
854 2028 952 2098 Nam
966 2027 1039 2098 hoc
1054 2041 1093 2098 te
1107 2048 1188 2098 non
1202 2037 1369 2120 oportet·
1413 2023 1563 2118 Accipis
1578 2024 1716 2122 igitur,
1746 2051 1838 2100 cum
1853 2027 1901 2102 Η.

181 2149 184 2158 ’
282 2167 348 2236 bro
361 2164 664 2260 proverbiorum,
690 2165 734 2236 in
752 2163 975 2234 universum
993 2158 1237 2258 undeviginti
1250 2162 1425 2258 plagulas
1441 2175 1481 2232 et
1496 2159 1722 2257 dimidium,
1748 2165 1900 2238 madeo

281 2301 443 2398 triginta
455 2301 559 2370 mihi
580 2301 904 2372 debeas-florenos.
954 2297 1064 2392 Quod
1078 2317 1165 2368 vero
1183 2295 1256 2364 tibi
1271 2295 1411 2368 redibit
1432 2296 1619 2390 pecuniae
1634 2297 1737 2370 mibi
1752 2299 1903 2370 solven-

119 2519 121 2530 y
141 2453 146 2462 ’
284 2437 371 2526 dee,
397 2435 439 2507 id
460 2434 562 2528 apud
582 2449 623 2504 te
640 2433 822 2525 retineas,
848 2432 929 2520 (6ο)
955 2431 1074 2502 donec
1089 2427 1183 2523 quid
1198 2451 1285 2527 ages
1307 2430 1381 2501 tibi
1395 2431 1654 2506 indicaverim.
1706 2435 1902 2528 Respectu

282 2567 374 2642 libri
394 2567 490 2640 dicti
515 2568 762 2639 Sciatiotum
780 2566 938 2638 detectio
961 2565 1044 2656 (61)
1069 2589 1185 2659 quem
1209 2565 1433 2660 concupivit
1456 2565 1611 2660 nisius,
1643 2569 1731 2662 qui,
1758 2591 1902 2662 quaeso

133 2757 138 2788 ,
282 2702 340 2773 nti
361 2701 493 2794 frater,
526 2705 626 2774 velie
643 2718 772 2798 potes,
814 2701 895 2792 (62)
927 2717 973 2776 ut
994 2699 1201 2806 pecuniam
1221 2723 1391 2798 erogem,
1423 2715 1627 2798 totumque
1646 2705 1806 2776 fortasse
1830 2727 1901 2798 per

270 2861 431 2910 annum
448 2836 659 2909 desiderem
664 2863 678 2930 3
703 2861 795 2912 nam
809 2837 990 2942 istorum,
1012 2859 1106 2929 quos
1129 2836 1335 2909 vendidisti
1348 2835 1550 2931 libromm5
1578 2839 1672 2912 dum
1688 2839 1900 2936 tenitpre·

281 2975 400 3067 tium,
427 2974 574 3046 diutius
590 2996 709 3067 quam
726 2990 801 3046 tres
816 2995 965 3044 menses
982 2972 1206 3066 exspectavi.
1256 2963 1359 3072 Quid
1374 2986 1460 3042 tum
1475 2975 1511 3044 si
1525 2977 1678 3046 Tunete
1697 2975 1901 3047 miserim?

280 3113 472 3201 Attamen,
498 3110 695 3182 occasione
713 3111 848 3201 oblata,
874 3131 954 3180 non
969 3109 1117 3206 cessabo
1128 3108 1294 3180 mittere.
1343 3105 1461 3182 Modo
1486 3107 1568 3202 (63)
1592 3133 1725 3189 vereor
1740 3111 1900 3186 tardum

166 3324 170 3334 Α
233 3333 242 3342 ⁸
281 3245 398 3339 pretii
418 3245 464 3316 ad
485 3267 548 3316 me
565 3267 770 3316 accessum.
820 3244 1015 3338 Quidquid
1032 3243 1186 3314 mittum
1199 3243 1239 3315 id
1253 3265 1326 3342 per
1349 3221 1548 3340 Chavag'ae
1561 3247 1607 3318 N.
1632 3269 1797 3318 manum
1812 3247 1898 3339 fiet,

281 3381 393 3468 cnjus
411 3394 455 3450 tu
474 3379 518 3452 in
537 3380 677 3452 litteris
695 3379 830 3450 dandis
847 3378 984 3450 itidem
1000 3401 1116 3472 opera
1130 3395 1255 3472 utere,
1281 3401 1373 3472 quas
1389 3379 1522 3451 mittet
1541 3379 1623 3452 site
1636 3405 1706 3475 per
1715 3371 1901 3456 Meiitem

281 3515 363 3588 sive
383 3537 452 3610 per
470 3513 701 3586 Liburnurn.
756 3515 867 3610 Quod
885 3514 920 3584 si
941 3537 1027 3584 veto
1048 3513 1205 3586 inventa
1219 3514 1340 3588 fuerit
1362 3513 1471 3586 novis
1493 3531 1597 3588 recta
1617 3517 1679 3588 vit
1699 3519 1901 3595 Tunetem

279 3667 434 3749 petens,
460 3651 533 3722 hac
559 3665 606 3721 ut
619 3657 713 3743 ἐπε,
737 3653 931 3722 Tunetem
948 3651 1081 3722 mittat
1102 3651 1138 3722 ei
1157 3649 1307 3723 scribas.
1358 3651 1553 3724 Praeterea
1578 3651 1675 3726 scies
1704 3653 1900 3746 linteum,
1966 3685 1968 3693 ·

143 3843 156 3860 .
280 3788 437 3860 coiisiia
459 3803 499 3858 et
517 3787 773 3880 emunctoria,
799 3811 899 3881 quae
919 3809 942 3858 a
962 3803 1001 3858 te
1013 3785 1164 3880 accepi,
1189 3807 1254 3858 me
1272 3777 1485 3862 ostendisse
1494 3789 1660 3860 Arabum
1681 3788 1902 3862 occidente-

153 3943 158 3953 “
279 3925 380 4014 lium
401 3923 650 4020 quibusdam,
676 3923 744 4016 qui
765 3924 877 3995 mille
895 3925 1197 4020 regalesnureos
1222 3921 1306 4018 (64)
1329 3943 1371 3996 se
1389 3921 1463 3994 tibi
1480 3923 1663 4000 missuros
1687 3947 1770 3998 esse
1792 3925 1902 4000 dixe-

278 4075 380 4154 runt,
406 4077 453 4133 nt
464 4061 633 4132 linteum
648 4059 702 4130 eis
716 4081 871 4130 emeres.
891 4043 900 4053 ¹
923 4061 996 4132 Sed
1010 4061 1083 4144 boc
1098 4058 1181 4130 fieri
1194 4079 1275 4128 non
1286 4081 1397 4152 posse
1411 4057 1503 4150 dixi,
1529 4058 1674 4153 quippe
1683 4062 1790 4154 quod
1801 4062 1901 4136 ami·

123 4273 128 4283 ,
277 4194 315 4266 ci
334 4197 414 4268 mei
432 4200 505 4272 bac
523 4198 570 4270 de
590 4219 632 4268 re
650 4198 886 4291 explorarem
897 4195 1142 4267 sententiam.
1191 4193 1302 4290 Quod
1316 4194 1606 4290 aegreferentes
1621 4195 1697 4268 alia
1713 4215 1902 4274 emerunt
1951 4277 1957 4286 ,

207 4371 208 4376 ,
277 4333 551 4429 mercimonio,
578 4333 768 4405 dicentes:
801 4384 842 4440 4,
851 4331 971 4404 scribe
997 4329 1122 4402 emico
1150 4343 1236 4421 tuo,
1262 4351 1332 4400 nos
1358 4329 1415 4422 ei,
1441 4329 1578 4402 sineri
1604 4332 1728 4425 possit
1752 4349 1803 4408 ut
1823 4335 1901 4410 lina
1988 4417 1989 4446 χ

276 4433 390 4539 teum
406 4469 485 4540 huc
505 4441 774 4566 perferendum
798 4467 879 4559 det,
913 4483 1115 4561 argentum
1132 4451 1212 4536 esse
1233 4464 1429 4537 missuros.
1477 4465 1668 4570 Mercator
1681 4468 1808 4542 etium
1830 4471 1901 4544 ist·
1987 4521 1989 4552 4

274 4601 343 4678 hic
368 4603 528 4700 aliquis,
553 4607 611 4680 mi
632 4575 766 4704 frater,
810 4601 1017 4699 quinquies
1047 4602 1159 4672 mille
1183 4599 1326 4674 obtulit
1349 4599 1527 4693 florenos,
1557 4613 1603 4674 ut
1634 4573 1927 4678 mercimonia‘
1987 4567 1989 4606 ¹

1988 3899 1990 3960 i

267 4795 481 4860 ι’.
