3986 5440
931 507 1045 547 m
1095 481 1279 580 64⁸&

301 679 474 775 „cium
487 683 625 776 quibus
646 684 739 800 hinc
753 681 801 756 ad
816 707 880 756 ros
902 691 1085 758 transitus
1112 685 1237 758 liceat.
1287 679 1546 758 Multamtibi
1564 700 1603 756 et
1630 705 1821 782 gynaeceo
1840 695 1913 755 tuo

273 819 504 910 ,‚,solutena.
554 819 665 894 Pater
687 841 798 896 meus
823 821 947 920 Alhsg
968 821 1084 894 Omar
1135 874 1144 896 .
1198 871 1209 896 .
1262 873 1272 894 .
1322 833 1363 892 te
1387 821 1530 892 salvere
1550 821 1668 908 jubet.
1745 816 1908 914 Scripsit
1986 921 1987 938 χ

301 953 476 1044 „amicus
500 968 592 1026 tuos

1213 1089 1462 1162 Murrsrns
1495 1087 1600 1159 filius
1652 1139 1912 1160 .....

951 1341 1290 1390 *7-

1062 1647 1258 1742 u.-

507 1795 663 1936 dmico
694 1849 920 1936 carissimo
950 1847 1178 1968 Chavagao
1204 1845 1260 1936 N.
1279 1845 1335 1934 N.
1362 1871 1497 1962 quem
1517 1789 1756 1932 'somerset
1781 1839 1909 1932 Deus

306 2116 410 2228 Post
438 2159 611 2229 multum
637 2123 868 2230 desiderium
890 2155 1031 2230 faciem
1057 2138 1167 2229 tuam
1190 2151 1367 2248 videndi,
1393 2151 1593 2224 certiorem
1611 2167 1651 2234 te
1661 2146 1784 2252 lucio,
1810 2157 1909 2254 quod

304 2291 383 2364 fine
396 2293 538 2363 mensis
556 2291 691 2363 Martii
706 2294 746 2362 h.
768 2315 800 2362 a.
815 2293 972 2385 longam
985 2261 1065 2363 'tibi
1081 2291 1214 2384 scripsi
1233 2291 1452 2384 epistolam,
1479 2311 1556 2381 qua
1573 2289 1709 2360 multis
1730 2291 1909 2386 derebus,

307 2451 398 2519 quas
411 2443 523 2498 antea
538 2450 559 2495 a
571 2449 634 2495 me
646 2425 859 2496 sciscitatus
878 2447 969 2517 eras,
981 2425 1054 2494 tibi
1068 2425 1237 2519 exposui.
1250 2425 1326 2498 Nec
1336 2447 1416 2495 non
1427 2421 1543 2496 libros
1557 2423 1734 2496 tibimiri
1747 2427 1911 2502 arabicos

314 2583 392 2631 una
407 2585 496 2632 cum
509 2561 742 2632 libro:mille
753 2575 886 2632 noctes
902 2575 941 2630 et
958 2561 1332 2654 unaperChavagam
1346 2559 1515 2630 amicum
1528 2573 1763 2655 nostramet
1774 2567 1912 2664 longos

307 2695 366 2766 fui
380 2697 424 2770 in
438 2695 615 2767 omnibus
629 2696 739 2765 rebus
750 2696 822 2766 tibi
836 2695 1095 2790 perputandis.
1148 2695 1251 2766 Dein
1267 2695 1530 2790 exspectabam
1542 2717 1768 2790 responsum
1784 2709 1908 2770 murra

308 2828 455 2929 Interea
471 2845 601 2902 ortum
615 2846 673 2901 est
686 2832 834 2902 bellum
849 2830 950 2901 inter
972 2853 1103 2926 regem
1125 2845 1319 2923 restrum5
1335 2853 1455 2922 quem
1467 2829 1572 2900 Deos
1587 2829 1770 2903 victorem
1783 2833 1907 2926 faciat,

306 2965 678 3040 etGallos.'lnduciis
695 2987 782 3036 vero
802 2967 905 3036 inter
925 2989 986 3037 eos
1010 2966 1207 3036 conventis
1229 2965 1327 3035 dixi:
1350 2965 1509 3036 fortasse
1525 2965 1598 3037 tibi
1612 2969 1742 3038 mittet
1757 2967 1913 3062 aliquod

307 3125 543 3195 responsum,
595 3102 661 3172 sed
680 3099 783 3170 nibil
810 3099 1050 3194 conspicatus
1070 3123 1168 3170 sum.
1220 3101 1325 3172 Turn
1343 3115 1471 3170 ortum
1493 3115 1550 3208 est
1568 3101 1715 3174 bellum
1729 3103 1912 3176 interim·

308 3253 518 3329 potatorem
528 3237 805 3308 Germanorum
817 3239 895 3330 (²9)
911 3253 950 3307 et
958 3237 1170 3328 Gallorum,
1185 3249 1224 3306 et
1238 3249 1473 3328 occuparunt
1481 3235 1583 3304 Galli
1597 3257 1728 3308 omnes
1742 3237 1911 3332 ferellly·

309 3371 387 3442 riae
401 3386 553 3442 tractus.
604 3370 771 3441 Accessit
791 3370 910 3438 etiam
924 3365 1202 3442 Germanorum
1221 3365 1408 3441 exercitus
1423 3370 1580 3441 navibus
1594 3353 1788 3468 hglicm,
1814 3377 1911 3446 mul·

308 3521 443 3598 tosq'ue
452 3527 520 3600 per
538 3505 616 3576 dies
631 3525 756 3574 arcem
767 3505 941 3600 Tergesti
953 3503 1200 3629 obsederunt,
1226 3521 1401 3598 terraque
1417 3521 1456 3576 et
1477 3505 1594 3597 mari,
1621 3509 1824 3579 tormentis
1837 3511 1913 3580 bel·

303 3641 393 3714 licis
420 3646 501 3736 (25)
524 3638 688 3710 advectis
720 3638 1030 3737 exaggeransque
1060 3639 1170 3710 vallis
1198 3643 1299 3734 (30),
1332 3655 1613 3710 tormentorum
1638 3646 1717 3732 (31)
1748 3657 1790 3714 et
1817 3667 1914 3716 mor·

306 3753 493 3848 tariorum
513 3764 593 3866 (32)
619 3775 886 3870 pyrobolorum
901 3775 1022 3870 globis
1038 3773 1268 3868 petiverunt,
1295 3775 1435 3866 absque
1453 3791 1499 3844 ut
1511 3777 1696 3869 oppidum
1710 3779 1800 3850 inde
1818 3783 1915 3852 mul·

306 3926 396 3982 tum
411 3909 635 3982 detrimenti
651 3926 814 4005 caperet,
841 3883 1074 4004 qumquam
1087 3909 1229 4006 viginti
1245 3910 1324 3982 dies
1339 3909 1411 3978 hoc
1433 3924 1535 3980 statu
1550 3913 1766 4010 exegimus,
1794 3915 1914 3986 Gallis

308 4046 443 4123 itidem
469 4050 550 4138 (33)
584 4045 707 4143 globis
730 4045 916 4137 impetere
943 4067 1023 4114 non
1051 4012 1295 4116 cessantibus.
1347 4043 1492 4137 Quibus
1519 4047 1786 4142 praeterlapsis
1812 4051 1916 4144 pacti

288 4196 416 4273 stunt,
440 4165 708 4254 ut'Gallorum
732 4179 937 4270 exercitus,
963 4199 1047 4250 arce
1069 4155 1269 4274 Anglis'et
1294 4178 1493 4250 Germanis
1515 4181 1668 4273 tradita,
1695 4183 1781 4254 sine
1801 4188 1914 4258 armis

307 4316 709 4390 exeuntesiultaliam
728 4315 957 4386 recederent.
1009 4313 1119 4410 Quod
1129 4315 1246 4401 hujus
1257 4311 1505 4386 hebdomadis
1529 4316 1624 4386 feria
1644 4317 1810 4406 secunda
1828 4321 1917 4394 erte

309 4447 391 4517 ctui
407 4447 540 4522 datum
553 4471 630 4548 est,
655 4452 843 4524 universis
869 4451 894 4524 i.
908 4472 939 4521 e.
961 4450 1221 4544 ¹septingentis
1247 4465 1285 4520 et
1303 4449 1404 4542 quod
1419 4451 1525 4522 hunc
1547 4475 1754 4524 numerum
1768 4455 1919 4525 excedit

309 4581 402 4654 viris
433 4585 568 4656 urbem
592 4587 909 4687 relinquentibus.
967 4585 1172 4678 Postquam
1190 4602 1319 4656 autern
1337 4586 1478 4682 egressi
1500 4603 1610 4694 erant
1627 4587 1761 4684 -Galli,
1798 4589 1918 4686 Angli
