<?xml version="1.0" encoding="UTF-8"?>
<!DOCTYPE html PUBLIC "-//W3C//DTD XHTML 1.0 Transitional//EN"
    "http://www.w3.org/TR/xhtml1/DTD/xhtml1-transitional.dtd">
<html xmlns="http://www.w3.org/1999/xhtml" xml:lang="en" lang="en">
 <head>
  <title>
</title>
<meta http-equiv="Content-Type" content="text/html;charset=utf-8" />
  <meta name='ocr-system' content='tesseract 3.04.00' />
  <meta name='ocr-capabilities' content='ocr_page ocr_carea ocr_par ocr_line ocrx_word'/>
</head>
<body>
  <div class='ocr_page' id='page_1' title='image "./epistolaequaeda00habigoog_0046.png"; bbox 0 0 3986 5440; ppageno 0'>
   <div class='ocr_carea' id='block_1_1' title="bbox 874 493 1240 566">
    <p class='ocr_par' dir='ltr' id='par_1_1' title="bbox 874 493 1240 566">
     <span class='ocr_line' id='line_1_1' title="bbox 874 493 1240 566; baseline -0.005 -28"><span class='ocrx_word' id='word_1_1' title='bbox 874 493 1240 566; x_wconf 49' lang='lat' dir='ltr'><strong>maon*</strong></span> 
     </span>
    </p>
   </div>
   <div class='ocr_carea' id='block_1_2' title="bbox 1030 677 1094 748">
    <p class='ocr_par' dir='ltr' id='par_1_2' title="bbox 1030 677 1094 748">
     <span class='ocr_line' id='line_1_2' title="bbox 1030 677 1094 748; baseline -0.047 0"><span class='ocrx_word' id='word_1_2' title='bbox 1030 677 1094 748; x_wconf 84' lang='lat' dir='ltr'><strong>IV.</strong></span> 
     </span>
    </p>
   </div>
   <div class='ocr_carea' id='block_1_3' title="bbox 473 815 1889 1071">
    <p class='ocr_par' dir='ltr' id='par_1_3' title="bbox 473 815 1889 1071">
     <span class='ocr_line' id='line_1_3' title="bbox 473 815 1889 948; baseline -0.008 -32"><span class='ocrx_word' id='word_1_3' title='bbox 473 845 565 916; x_wconf 83' lang='lat' dir='ltr'><strong>Viro</strong></span> <span class='ocrx_word' id='word_1_4' title='bbox 600 815 846 936; x_wconf 77' lang='lat' dir='ltr'><strong>sagacissimo</strong></span> <span class='ocrx_word' id='word_1_5' title='bbox 866 844 995 930; x_wconf 72' lang='grc' dir='ltr'>(ηε),</span> <span class='ocrx_word' id='word_1_6' title='bbox 1021 839 1324 948; x_wconf 73' lang='lat' dir='ltr'><strong>honoratissimo,</strong></span> <span class='ocrx_word' id='word_1_7' title='bbox 1343 837 1474 935; x_wconf 77' lang='lat' dir='ltr'><strong>fratri</strong></span> <span class='ocrx_word' id='word_1_8' title='bbox 1497 849 1533 908; x_wconf 77' lang='lat' dir='ltr'><strong>rt</strong></span> <span class='ocrx_word' id='word_1_9' title='bbox 1558 837 1684 910; x_wconf 81' lang='lat' dir='ltr'><strong>amico</strong></span> <span class='ocrx_word' id='word_1_10' title='bbox 1709 839 1764 910; x_wconf 88' lang='lat' dir='ltr'><strong>N.</strong></span> <span class='ocrx_word' id='word_1_11' title='bbox 1795 887 1806 908; x_wconf 88' lang='lat'><strong>.</strong></span> <span class='ocrx_word' id='word_1_12' title='bbox 1835 887 1847 908; x_wconf 88' lang='lat'><strong>.</strong></span> <span class='ocrx_word' id='word_1_13' title='bbox 1877 883 1889 904; x_wconf 88' lang='lat'><strong>.</strong></span> 
     </span>
     <span class='ocr_line' id='line_1_4' title="bbox 566 957 1219 1071; baseline -0.008 -21"><span class='ocrx_word' id='word_1_14' title='bbox 566 981 792 1071; x_wconf 74' lang='lat' dir='ltr'><strong>quem-Deus</strong></span> <span class='ocrx_word' id='word_1_15' title='bbox 816 973 1031 1059; x_wconf 55' lang='lat' dir='ltr'><strong>&#39;somoriam</strong></span> <span class='ocrx_word' id='word_1_16' title='bbox 1217 957 1219 970; x_wconf 55' lang='lat'>¹</span> 
     </span>
    </p>
   </div>
   <div class='ocr_carea' id='block_1_4' title="bbox 372 1111 1895 1268">
    <p class='ocr_par' dir='ltr' id='par_1_4' title="bbox 372 1111 1895 1268">
     <span class='ocr_line' id='line_1_5' title="bbox 506 1111 515 1142; baseline 0 0"><span class='ocrx_word' id='word_1_17' title='bbox 506 1111 515 1142; x_wconf 92' lang='lat' dir='ltr'><em>l</em></span> 
     </span>
     <span class='ocr_line' id='line_1_6' title="bbox 372 1153 1895 1268; baseline -0.004 -18"><span class='ocrx_word' id='word_1_18' title='bbox 372 1179 463 1250; x_wconf 83' lang='lat' dir='ltr'><strong>Post</strong></span> <span class='ocrx_word' id='word_1_19' title='bbox 488 1179 751 1268; x_wconf 82' lang='lat' dir='ltr'><strong>(declaratum)</strong></span> <span class='ocrx_word' id='word_1_20' title='bbox 779 1153 1009 1249; x_wconf 81' lang='lat' dir='ltr'><strong>desiderinm</strong></span> <span class='ocrx_word' id='word_1_21' title='bbox 1029 1173 1258 1264; x_wconf 67' lang='lat' dir='ltr'><strong>tendendi,</strong></span> <span class='ocrx_word' id='word_1_22' title='bbox 1291 1172 1530 1242; x_wconf 79' lang='lat' dir='ltr'><strong>amatissimo</strong></span> <span class='ocrx_word' id='word_1_23' title='bbox 1548 1170 1622 1241; x_wconf 86' lang='lat' dir='ltr'><strong>tibi</strong></span> <span class='ocrx_word' id='word_1_24' title='bbox 1644 1173 1796 1266; x_wconf 83' lang='lat' dir='ltr'><strong>aperio,</strong></span> <span class='ocrx_word' id='word_1_25' title='bbox 1826 1197 1895 1244; x_wconf 85' lang='lat' dir='ltr'><strong>me</strong></span> 
     </span>
    </p>
   </div>
   <div class='ocr_carea' id='block_1_5' title="bbox 245 1291 1896 2079">
    <p class='ocr_par' dir='ltr' id='par_1_5' title="bbox 245 1291 1896 2079">
     <span class='ocr_line' id='line_1_7' title="bbox 276 1291 1894 1414; baseline -0.002 -31"><span class='ocrx_word' id='word_1_26' title='bbox 276 1327 456 1407; x_wconf 82' lang='lat' dir='ltr'><strong>sperasse,</strong></span> <span class='ocrx_word' id='word_1_27' title='bbox 482 1315 623 1414; x_wconf 82' lang='lat' dir='ltr'><strong>forent</strong></span> <span class='ocrx_word' id='word_1_28' title='bbox 644 1315 715 1386; x_wconf 85' lang='lat' dir='ltr'><strong>hac</strong></span> <span class='ocrx_word' id='word_1_29' title='bbox 732 1312 965 1386; x_wconf 85' lang='lat' dir='ltr'>hebdomade</span> <span class='ocrx_word' id='word_1_30' title='bbox 985 1333 1047 1382; x_wconf 86' lang='lat' dir='ltr'><strong>me</strong></span> <span class='ocrx_word' id='word_1_31' title='bbox 1061 1307 1274 1405; x_wconf 78' lang='lat' dir='ltr'><strong>praesentia</strong></span> <span class='ocrx_word' id='word_1_32' title='bbox 1293 1323 1361 1396; x_wconf 78' lang='lat' dir='ltr'><strong>tna</strong></span> <span class='ocrx_word' id='word_1_33' title='bbox 1379 1306 1621 1399; x_wconf 76' lang='lat' dir='ltr'><strong>nobilitates,</strong></span> <span class='ocrx_word' id='word_1_34' title='bbox 1641 1291 1715 1378; x_wconf 44' lang='lat' dir='ltr'><strong>‘sed</strong></span> <span class='ocrx_word' id='word_1_35' title='bbox 1729 1330 1816 1378; x_wconf 89' lang='lat' dir='ltr'><strong>non</strong></span> <span class='ocrx_word' id='word_1_36' title='bbox 1831 1331 1894 1380; x_wconf 77' lang='lat' dir='ltr'><strong>re-</strong></span> 
     </span>
     <span class='ocr_line' id='line_1_8' title="bbox 278 1413 1896 1544; baseline -0.001 -27"><span class='ocrx_word' id='word_1_37' title='bbox 278 1448 390 1537; x_wconf 88' lang='lat' dir='ltr'><strong>nisti,</strong></span> <span class='ocrx_word' id='word_1_38' title='bbox 425 1471 656 1540; x_wconf 83' lang='lat' dir='ltr'><strong>quamquam</strong></span> <span class='ocrx_word' id='word_1_39' title='bbox 679 1447 782 1520; x_wconf 80' lang='lat' dir='ltr'><strong>haud</strong></span> <span class='ocrx_word' id='word_1_40' title='bbox 812 1449 984 1544; x_wconf 83' lang='lat' dir='ltr'><strong>ignores,</strong></span> <span class='ocrx_word' id='word_1_41' title='bbox 1025 1413 1133 1516; x_wconf 76' lang='lat' dir='ltr'><strong>valde</strong></span> <span class='ocrx_word' id='word_1_42' title='bbox 1156 1444 1256 1514; x_wconf 89' lang='lat' dir='ltr'><strong>mihi</strong></span> <span class='ocrx_word' id='word_1_43' title='bbox 1269 1441 1544 1512; x_wconf 78' lang='lat' dir='ltr'><strong>necessarium</strong></span> <span class='ocrx_word' id='word_1_44' title='bbox 1574 1465 1655 1512; x_wconf 84' lang='lat' dir='ltr'><strong>esse</strong></span> <span class='ocrx_word' id='word_1_45' title='bbox 1682 1459 1724 1512; x_wconf 89' lang='lat' dir='ltr'><strong>te</strong></span> <span class='ocrx_word' id='word_1_46' title='bbox 1745 1443 1896 1517; x_wconf 81' lang='lat' dir='ltr'><strong>videre.</strong></span> 
     </span>
     <span class='ocr_line' id='line_1_9' title="bbox 279 1574 1896 1678; baseline -0.002 -26"><span class='ocrx_word' id='word_1_47' title='bbox 279 1583 349 1652; x_wconf 92' lang='lat' dir='ltr'><strong>Pro</strong></span> <span class='ocrx_word' id='word_1_48' title='bbox 363 1600 430 1653; x_wconf 84' lang='lat' dir='ltr'><strong>tua</strong></span> <span class='ocrx_word' id='word_1_49' title='bbox 440 1583 679 1678; x_wconf 84' lang='lat' dir='ltr'><strong>benignitate</strong></span> <span class='ocrx_word' id='word_1_50' title='bbox 692 1585 889 1676; x_wconf 79' lang='lat' dir='ltr'>pollicitus</span> <span class='ocrx_word' id='word_1_51' title='bbox 908 1607 964 1674; x_wconf 80' lang='lat' dir='ltr'><strong>es,</strong></span> <span class='ocrx_word' id='word_1_52' title='bbox 990 1579 1132 1652; x_wconf 84' lang='lat' dir='ltr'><strong>Horirii</strong></span> <span class='ocrx_word' id='word_1_53' title='bbox 1153 1598 1347 1648; x_wconf 88' lang='lat' dir='ltr'><strong>consessus</strong></span> <span class='ocrx_word' id='word_1_54' title='bbox 1365 1574 1546 1667; x_wconf 84' lang='lat' dir='ltr'><strong>vendere,</strong></span> <span class='ocrx_word' id='word_1_55' title='bbox 1572 1576 1831 1669; x_wconf 69' lang='lat' dir='ltr'><strong>eamdemque</strong></span> <span class='ocrx_word' id='word_1_56' title='bbox 1846 1579 1896 1649; x_wconf 87' lang='lat' dir='ltr'><strong>ob</strong></span> 
     </span>
     <span class='ocr_line' id='line_1_10' title="bbox 245 1709 1895 1810; baseline 0 -26"><span class='ocrx_word' id='word_1_57' title='bbox 245 1795 248 1800; x_wconf 23' lang='lat'>¹</span> <span class='ocrx_word' id='word_1_58' title='bbox 279 1738 361 1786; x_wconf 88' lang='lat' dir='ltr'><strong>rem</strong></span> <span class='ocrx_word' id='word_1_59' title='bbox 375 1717 448 1786; x_wconf 86' lang='lat' dir='ltr'><strong>hoc</strong></span> <span class='ocrx_word' id='word_1_60' title='bbox 461 1717 505 1786; x_wconf 84' lang='lat' dir='ltr'><strong>ab</strong></span> <span class='ocrx_word' id='word_1_61' title='bbox 520 1739 645 1792; x_wconf 86' lang='lat' dir='ltr'><strong>amore</strong></span> <span class='ocrx_word' id='word_1_62' title='bbox 660 1734 727 1789; x_wconf 88' lang='lat' dir='ltr'><strong>tuo</strong></span> <span class='ocrx_word' id='word_1_63' title='bbox 744 1733 895 1810; x_wconf 84' lang='lat' dir='ltr'>expeto,</span> <span class='ocrx_word' id='word_1_64' title='bbox 922 1735 967 1787; x_wconf 90' lang='lat' dir='ltr'><strong>ut</strong></span> <span class='ocrx_word' id='word_1_65' title='bbox 982 1715 1050 1810; x_wconf 88' lang='lat' dir='ltr'><strong>per</strong></span> <span class='ocrx_word' id='word_1_66' title='bbox 1061 1739 1168 1805; x_wconf 84' lang='lat' dir='ltr'><strong>eum,</strong></span> <span class='ocrx_word' id='word_1_67' title='bbox 1195 1711 1263 1804; x_wconf 92' lang='lat' dir='ltr'><strong>qui</strong></span> <span class='ocrx_word' id='word_1_68' title='bbox 1280 1711 1348 1780; x_wconf 87' lang='lat' dir='ltr'><strong>has</strong></span> <span class='ocrx_word' id='word_1_69' title='bbox 1361 1711 1434 1780; x_wconf 89' lang='lat' dir='ltr'><strong>tibi</strong></span> <span class='ocrx_word' id='word_1_70' title='bbox 1454 1709 1602 1780; x_wconf 72' lang='lat' dir='ltr'>litteras</span> <span class='ocrx_word' id='word_1_71' title='bbox 1614 1711 1779 1804; x_wconf 77' lang='lat' dir='ltr'>perfert,</span> <span class='ocrx_word' id='word_1_72' title='bbox 1807 1737 1895 1808; x_wconf 83' lang='lat' dir='ltr'><strong>me,</strong></span> 
     </span>
     <span class='ocr_line' id='line_1_11' title="bbox 281 1827 1800 1948; baseline -0.003 -30"><span class='ocrx_word' id='word_1_73' title='bbox 281 1827 534 1948; x_wconf 63' lang='lat' dir='ltr'><strong>prodegeris,</strong></span> <span class='ocrx_word' id='word_1_74' title='bbox 562 1843 759 1926; x_wconf 83' lang='lat' dir='ltr'><strong>certiorem</strong></span> <span class='ocrx_word' id='word_1_75' title='bbox 773 1854 898 1927; x_wconf 82' lang='lat' dir='ltr'><strong>socios.</strong></span> <span class='ocrx_word' id='word_1_76' title='bbox 947 1855 1080 1924; x_wconf 75' lang='lat' dir='ltr'><strong>Valere</strong></span> <span class='ocrx_word' id='word_1_77' title='bbox 1093 1871 1217 1944; x_wconf 83' lang='lat' dir='ltr'><strong>perge.</strong></span> <span class='ocrx_word' id='word_1_78' title='bbox 1268 1845 1343 1914; x_wconf 86' lang='lat' dir='ltr'><strong>Die</strong></span> <span class='ocrx_word' id='word_1_79' title='bbox 1368 1844 1466 1915; x_wconf 87' lang='lat' dir='ltr'><strong>Solis</strong></span> <span class='ocrx_word' id='word_1_80' title='bbox 1492 1867 1617 1917; x_wconf 83' lang='lat' dir='ltr'><strong>mane.</strong></span> <span class='ocrx_word' id='word_1_81' title='bbox 1797 1833 1800 1838; x_wconf 41' lang='lat'>¹</span> 
     </span>
     <span class='ocr_line' id='line_1_12' title="bbox 1138 1947 1893 2079; baseline -0.001 -23"><span class='ocrx_word' id='word_1_82' title='bbox 1138 1985 1264 2056; x_wconf 69' lang='lat' dir='ltr'><strong>Frater</strong></span> <span class='ocrx_word' id='word_1_83' title='bbox 1288 1997 1378 2050; x_wconf 88' lang='lat' dir='ltr'><strong>tuus</strong></span> <span class='ocrx_word' id='word_1_84' title='bbox 1410 1979 1623 2055; x_wconf 81' lang='lat' dir='ltr'><strong>Micha&#39;e&#39;l</strong></span> <span class='ocrx_word' id='word_1_85' title='bbox 1652 1947 1893 2079; x_wconf 73' lang='lat' dir='ltr'><strong>sathagh.</strong></span> 
     </span>
    </p>
   </div>
   <div class='ocr_carea' id='block_1_6' title="bbox 1055 2227 1098 2294">
    <p class='ocr_par' dir='ltr' id='par_1_6' title="bbox 1055 2227 1098 2294">
     <span class='ocr_line' id='line_1_13' title="bbox 1055 2227 1098 2294; baseline 0 0"><span class='ocrx_word' id='word_1_86' title='bbox 1055 2227 1098 2294; x_wconf 79' lang='lat' dir='ltr'><strong>V.</strong></span> 
     </span>
    </p>
   </div>
   <div class='ocr_carea' id='block_1_7' title="bbox 433 2351 1900 2482">
    <p class='ocr_par' dir='ltr' id='par_1_7' title="bbox 433 2351 1900 2482">
     <span class='ocr_line' id='line_1_14' title="bbox 433 2351 1900 2482; baseline 0.001 -23"><span class='ocrx_word' id='word_1_87' title='bbox 433 2391 562 2461; x_wconf 80' lang='lat' dir='ltr'><em>Fratri</em></span> <span class='ocrx_word' id='word_1_88' title='bbox 587 2415 685 2482; x_wconf 82' lang='lat' dir='ltr'><strong>meo,</strong></span> <span class='ocrx_word' id='word_1_89' title='bbox 712 2393 855 2480; x_wconf 76' lang='lat' dir='ltr'><strong>amico,</strong></span> <span class='ocrx_word' id='word_1_90' title='bbox 882 2391 1039 2464; x_wconf 81' lang='lat' dir='ltr'><strong>Domino</strong></span> <span class='ocrx_word' id='word_1_91' title='bbox 1065 2389 1115 2460; x_wconf 84' lang='grc' dir='ltr'><strong>Ν.</strong></span> <span class='ocrx_word' id='word_1_92' title='bbox 1139 2388 1187 2459; x_wconf 85' lang='grc' dir='ltr'><strong>Ν.</strong></span> <span class='ocrx_word' id='word_1_93' title='bbox 1216 2439 1224 2458; x_wconf 93' lang='grc'><strong>.</strong></span> <span class='ocrx_word' id='word_1_94' title='bbox 1269 2407 1374 2478; x_wconf 76' lang='lat' dir='ltr'><strong>quem</strong></span> <span class='ocrx_word' id='word_1_95' title='bbox 1399 2351 1507 2458; x_wconf 36' lang='lat' dir='ltr'><strong>Dae*</strong></span> <span class='ocrx_word' id='word_1_96' title='bbox 1523 2373 1566 2458; x_wconf 90' lang='grc'><strong>0.</strong></span> <span class='ocrx_word' id='word_1_97' title='bbox 1593 2381 1649 2459; x_wconf 87' lang='grc' dir='ltr'><strong>Μ.</strong></span> <span class='ocrx_word' id='word_1_98' title='bbox 1677 2403 1900 2463; x_wconf 69' lang='lat' dir='ltr'><strong>consonet!</strong></span> 
     </span>
    </p>
   </div>
   <div class='ocr_carea' id='block_1_8' title="bbox 192 2569 1906 3364">
    <p class='ocr_par' dir='ltr' id='par_1_8' title="bbox 192 2569 1906 3364">
     <span class='ocr_line' id='line_1_15' title="bbox 342 2569 1903 2683; baseline 0.003 -23"><span class='ocrx_word' id='word_1_99' title='bbox 342 2569 348 2578; x_wconf 36' lang='lat'>⁸</span> <span class='ocrx_word' id='word_1_100' title='bbox 390 2591 480 2662; x_wconf 87' lang='lat' dir='ltr'><strong>Post</strong></span> <span class='ocrx_word' id='word_1_101' title='bbox 505 2592 767 2683; x_wconf 83' lang='lat' dir='ltr'><strong>(declaratum)</strong></span> <span class='ocrx_word' id='word_1_102' title='bbox 793 2593 1023 2666; x_wconf 88' lang='lat' dir='ltr'><strong>desiderium</strong></span> <span class='ocrx_word' id='word_1_103' title='bbox 1035 2608 1075 2662; x_wconf 90' lang='lat' dir='ltr'><strong>te</strong></span> <span class='ocrx_word' id='word_1_104' title='bbox 1088 2589 1259 2680; x_wconf 85' lang='lat' dir='ltr'><strong>videndi,</strong></span> <span class='ocrx_word' id='word_1_105' title='bbox 1286 2591 1330 2659; x_wconf 88' lang='lat' dir='ltr'><strong>in</strong></span> <span class='ocrx_word' id='word_1_106' title='bbox 1349 2589 1575 2662; x_wconf 82' lang='lat' dir='ltr'><strong>memoriam</strong></span> <span class='ocrx_word' id='word_1_107' title='bbox 1587 2587 1662 2661; x_wconf 85' lang='lat' dir='ltr'><strong>tibi</strong></span> <span class='ocrx_word' id='word_1_108' title='bbox 1673 2613 1828 2683; x_wconf 83' lang='lat' dir='ltr'><strong>revoco,</strong></span> <span class='ocrx_word' id='word_1_109' title='bbox 1859 2611 1903 2664; x_wconf 90' lang='lat' dir='ltr'><strong>te</strong></span> 
     </span>
     <span class='ocr_line' id='line_1_16' title="bbox 192 2709 1904 2820; baseline 0.005 -30"><span class='ocrx_word' id='word_1_110' title='bbox 192 2709 198 2720; x_wconf 76' lang='grc'><strong>’</strong></span> <span class='ocrx_word' id='word_1_111' title='bbox 289 2723 507 2815; x_wconf 86' lang='lat' dir='ltr'><strong>promisisse</strong></span> <span class='ocrx_word' id='word_1_112' title='bbox 527 2749 590 2796; x_wconf 88' lang='lat' dir='ltr'><strong>me</strong></span> <span class='ocrx_word' id='word_1_113' title='bbox 611 2728 730 2800; x_wconf 86' lang='lat' dir='ltr'><strong>visere</strong></span> <span class='ocrx_word' id='word_1_114' title='bbox 752 2729 813 2800; x_wconf 91' lang='lat' dir='ltr'><strong>die</strong></span> <span class='ocrx_word' id='word_1_115' title='bbox 829 2731 961 2799; x_wconf 82' lang='lat' dir='ltr'><strong>Lunae</strong></span> <span class='ocrx_word' id='word_1_116' title='bbox 968 2753 980 2820; x_wconf 79' lang='lat'>3</span> <span class='ocrx_word' id='word_1_117' title='bbox 1031 2725 1320 2816; x_wconf 77' lang='lat' dir='ltr'><strong>reexspectari,</strong></span> <span class='ocrx_word' id='word_1_118' title='bbox 1347 2739 1563 2794; x_wconf 86' lang='lat' dir='ltr'><strong>nectamen</strong></span> <span class='ocrx_word' id='word_1_119' title='bbox 1578 2725 1731 2796; x_wconf 86' lang='lat' dir='ltr'><strong>venisti.</strong></span> <span class='ocrx_word' id='word_1_120' title='bbox 1786 2729 1904 2799; x_wconf 82' lang='lat' dir='ltr'><strong>Prae·</strong></span> 
     </span>
     <span class='ocr_line' id='line_1_17' title="bbox 291 2857 1905 2956; baseline 0.007 -30"><span class='ocrx_word' id='word_1_121' title='bbox 291 2857 397 2927; x_wconf 90' lang='lat' dir='ltr'><strong>teriit</strong></span> <span class='ocrx_word' id='word_1_122' title='bbox 422 2859 500 2929; x_wconf 88' lang='lat' dir='ltr'><strong>dies</strong></span> <span class='ocrx_word' id='word_1_123' title='bbox 527 2863 660 2932; x_wconf 84' lang='lat' dir='ltr'><strong>Lunae</strong></span> <span class='ocrx_word' id='word_1_124' title='bbox 686 2865 856 2956; x_wconf 85' lang='lat' dir='ltr'><strong>itemque</strong></span> <span class='ocrx_word' id='word_1_125' title='bbox 874 2863 1030 2952; x_wconf 83' lang='lat' dir='ltr'><strong>Martis,</strong></span> <span class='ocrx_word' id='word_1_126' title='bbox 1057 2883 1126 2931; x_wconf 88' lang='lat' dir='ltr'><strong>nee</strong></span> <span class='ocrx_word' id='word_1_127' title='bbox 1144 2860 1303 2950; x_wconf 83' lang='lat' dir='ltr'><strong>venisti,</strong></span> <span class='ocrx_word' id='word_1_128' title='bbox 1330 2859 1430 2950; x_wconf 85' lang='lat' dir='ltr'><strong>quod</strong></span> <span class='ocrx_word' id='word_1_129' title='bbox 1450 2859 1559 2929; x_wconf 76' lang='lat' dir='ltr'><strong>valde</strong></span> <span class='ocrx_word' id='word_1_130' title='bbox 1580 2860 1708 2930; x_wconf 90' lang='lat' dir='ltr'><strong>miror.</strong></span> <span class='ocrx_word' id='word_1_131' title='bbox 1760 2864 1905 2955; x_wconf 81' lang='lat' dir='ltr'><strong>Itaque</strong></span> 
     </span>
     <span class='ocr_line' id='line_1_18' title="bbox 290 2993 1905 3092; baseline 0.007 -32"><span class='ocrx_word' id='word_1_132' title='bbox 290 2993 335 3060; x_wconf 82' lang='lat' dir='ltr'><strong>ab</strong></span> <span class='ocrx_word' id='word_1_133' title='bbox 351 3015 476 3064; x_wconf 83' lang='lat' dir='ltr'><strong>amore</strong></span> <span class='ocrx_word' id='word_1_134' title='bbox 496 3011 563 3066; x_wconf 89' lang='lat' dir='ltr'><strong>tuo</strong></span> <span class='ocrx_word' id='word_1_135' title='bbox 584 3015 737 3092; x_wconf 80' lang='lat' dir='ltr'><strong>expeto,</strong></span> <span class='ocrx_word' id='word_1_136' title='bbox 764 3015 809 3068; x_wconf 90' lang='lat' dir='ltr'><strong>ut</strong></span> <span class='ocrx_word' id='word_1_137' title='bbox 820 2999 892 3070; x_wconf 88' lang='lat' dir='ltr'><strong>hoc</strong></span> <span class='ocrx_word' id='word_1_138' title='bbox 908 2999 991 3090; x_wconf 91' lang='lat' dir='ltr'><strong>ipso</strong></span> <span class='ocrx_word' id='word_1_139' title='bbox 1006 2997 1068 3066; x_wconf 82' lang='lat' dir='ltr'><strong>die</strong></span> <span class='ocrx_word' id='word_1_140' title='bbox 1087 2994 1233 3087; x_wconf 79' lang='lat' dir='ltr'><strong>vesperi</strong></span> <span class='ocrx_word' id='word_1_141' title='bbox 1255 3017 1316 3062; x_wconf 87' lang='lat' dir='ltr'><strong>me</strong></span> <span class='ocrx_word' id='word_1_142' title='bbox 1328 2993 1526 3086; x_wconf 88' lang='lat' dir='ltr'><strong>nobilites,</strong></span> <span class='ocrx_word' id='word_1_143' title='bbox 1552 3017 1622 3064; x_wconf 87' lang='lat' dir='ltr'><strong>nec</strong></span> <span class='ocrx_word' id='word_1_144' title='bbox 1637 2996 1767 3063; x_wconf 88' lang='lat' dir='ltr'><strong>ullum</strong></span> <span class='ocrx_word' id='word_1_145' title='bbox 1784 2997 1905 3071; x_wconf 82' lang='lat' dir='ltr'><strong>datur</strong></span> 
     </span>
     <span class='ocr_line' id='line_1_19' title="bbox 293 3099 1906 3231; baseline 0.007 -38"><span class='ocrx_word' id='word_1_146' title='bbox 293 3099 497 3222; x_wconf 81' lang='lat' dir='ltr'><strong>effugium,</strong></span> <span class='ocrx_word' id='word_1_147' title='bbox 525 3153 615 3201; x_wconf 87' lang='lat' dir='ltr'><strong>nam</strong></span> <span class='ocrx_word' id='word_1_148' title='bbox 634 3148 673 3202; x_wconf 91' lang='lat' dir='ltr'><strong>te</strong></span> <span class='ocrx_word' id='word_1_149' title='bbox 691 3133 797 3203; x_wconf 76' lang='lat' dir='ltr'><strong>valde</strong></span> <span class='ocrx_word' id='word_1_150' title='bbox 818 3122 925 3201; x_wconf 70' lang='lat' dir='ltr'><strong>talde</strong></span> <span class='ocrx_word' id='word_1_151' title='bbox 944 3155 1038 3226; x_wconf 89' lang='lat' dir='ltr'><strong>opus</strong></span> <span class='ocrx_word' id='word_1_152' title='bbox 1051 3131 1179 3202; x_wconf 79' lang='lat' dir='ltr'><strong>habeo.</strong></span> <span class='ocrx_word' id='word_1_153' title='bbox 1259 3130 1369 3197; x_wconf 86' lang='lat' dir='ltr'><strong>Certe</strong></span> <span class='ocrx_word' id='word_1_154' title='bbox 1394 3129 1529 3224; x_wconf 84' lang='lat' dir='ltr'><strong>igitur,</strong></span> <span class='ocrx_word' id='word_1_155' title='bbox 1583 3133 1699 3198; x_wconf 89' lang='lat' dir='ltr'><strong>certe!</strong></span> <span class='ocrx_word' id='word_1_156' title='bbox 1778 3133 1906 3231; x_wconf 85' lang='lat' dir='ltr'><strong>Perge</strong></span> 
     </span>
     <span class='ocr_line' id='line_1_20' title="bbox 295 3231 1906 3364; baseline 0.01 -40"><span class='ocrx_word' id='word_1_157' title='bbox 295 3260 426 3328; x_wconf 79' lang='lat' dir='ltr'><strong>volere.</strong></span> <span class='ocrx_word' id='word_1_158' title='bbox 477 3263 551 3332; x_wconf 87' lang='lat' dir='ltr'><strong>Die</strong></span> <span class='ocrx_word' id='word_1_159' title='bbox 575 3267 759 3336; x_wconf 85' lang='lat' dir='ltr'><strong>Mercurii</strong></span> <span class='ocrx_word' id='word_1_160' title='bbox 780 3289 915 3334; x_wconf 36' lang='lat' dir='ltr'><strong>*mane</strong></span> <span class='ocrx_word' id='word_1_161' title='bbox 1015 3231 1027 3240; x_wconf 18' lang='grc' dir='ltr'>κ</span> <span class='ocrx_word' id='word_1_162' title='bbox 1125 3265 1251 3333; x_wconf 81' lang='lat' dir='ltr'><strong>Frater</strong></span> <span class='ocrx_word' id='word_1_163' title='bbox 1281 3277 1371 3331; x_wconf 86' lang='lat' dir='ltr'><strong>tuus</strong></span> <span class='ocrx_word' id='word_1_164' title='bbox 1423 3262 1633 3334; x_wconf 77' lang='lat' dir='ltr'><strong>Michoiil</strong></span> <span class='ocrx_word' id='word_1_165' title='bbox 1668 3263 1906 3364; x_wconf 63' lang='lat' dir='ltr'>Sabbagha</span> 
     </span>
    </p>
   </div>
   <div class='ocr_carea' id='block_1_9' title="bbox 1067 3538 1129 3604">
    <p class='ocr_par' dir='ltr' id='par_1_9' title="bbox 1067 3538 1129 3604">
     <span class='ocr_line' id='line_1_21' title="bbox 1067 3538 1129 3604; baseline 0 0"><span class='ocrx_word' id='word_1_166' title='bbox 1067 3538 1129 3604; x_wconf 72' lang='lat' dir='ltr'><strong>VI.</strong></span> 
     </span>
    </p>
   </div>
   <div class='ocr_carea' id='block_1_10' title="bbox 356 3689 1908 3806">
    <p class='ocr_par' dir='ltr' id='par_1_10' title="bbox 356 3689 1908 3806">
     <span class='ocr_line' id='line_1_22' title="bbox 356 3689 1908 3806; baseline 0.006 -39"><span class='ocrx_word' id='word_1_167' title='bbox 356 3796 359 3806; x_wconf 24' lang='lat' dir='ltr'><em>s</em></span> <span class='ocrx_word' id='word_1_168' title='bbox 400 3699 531 3774; x_wconf 80' lang='lat' dir='ltr'><strong>Fratri</strong></span> <span class='ocrx_word' id='word_1_169' title='bbox 552 3707 845 3778; x_wconf 80' lang='lat' dir='ltr'><strong>meo-carissimo</strong></span> <span class='ocrx_word' id='word_1_170' title='bbox 890 3701 1097 3792; x_wconf 71' lang='lat' dir='ltr'><strong>ctawagas</strong></span> <span class='ocrx_word' id='word_1_171' title='bbox 1123 3689 1171 3768; x_wconf 86' lang='lat' dir='ltr'><strong>N.</strong></span> <span class='ocrx_word' id='word_1_172' title='bbox 1199 3747 1208 3767; x_wconf 86' lang='lat'><strong>.</strong></span> <span class='ocrx_word' id='word_1_173' title='bbox 1237 3750 1245 3768; x_wconf 91' lang='lat'><strong>.</strong></span> <span class='ocrx_word' id='word_1_174' title='bbox 1272 3719 1375 3787; x_wconf 75' lang='lat' dir='ltr'><strong>quem</strong></span> <span class='ocrx_word' id='word_1_175' title='bbox 1400 3701 1500 3772; x_wconf 82' lang='lat' dir='ltr'><strong>Deus</strong></span> <span class='ocrx_word' id='word_1_176' title='bbox 1527 3703 1569 3770; x_wconf 91' lang='lat'><strong>0.</strong></span> <span class='ocrx_word' id='word_1_177' title='bbox 1594 3701 1650 3769; x_wconf 89' lang='grc' dir='ltr'><strong>Μ.</strong></span> <span class='ocrx_word' id='word_1_178' title='bbox 1676 3718 1908 3804; x_wconf 26' lang='grc' dir='ltr'><strong>ρνοτιςαῑι,</strong></span> 
     </span>
    </p>
   </div>
   <div class='ocr_carea' id='block_1_11' title="bbox 210 3879 1921 4685">
    <p class='ocr_par' dir='ltr' id='par_1_11' title="bbox 210 3879 1921 4685">
     <span class='ocr_line' id='line_1_23' title="bbox 397 3879 1914 3999; baseline 0.003 -25"><span class='ocrx_word' id='word_1_179' title='bbox 397 3905 487 3976; x_wconf 89' lang='lat' dir='ltr'><strong>Post</strong></span> <span class='ocrx_word' id='word_1_180' title='bbox 511 3879 772 3992; x_wconf 81' lang='lat' dir='ltr'><strong>(deciaratum)</strong></span> <span class='ocrx_word' id='word_1_181' title='bbox 799 3928 930 3976; x_wconf 90' lang='lat' dir='ltr'><strong>meum</strong></span> <span class='ocrx_word' id='word_1_182' title='bbox 949 3904 1009 3974; x_wconf 88' lang='lat' dir='ltr'><strong>tui</strong></span> <span class='ocrx_word' id='word_1_183' title='bbox 1027 3898 1257 3974; x_wconf 89' lang='lat' dir='ltr'><strong>desiderium</strong></span> <span class='ocrx_word' id='word_1_184' title='bbox 1277 3913 1314 3969; x_wconf 89' lang='lat' dir='ltr'><strong>te</strong></span> <span class='ocrx_word' id='word_1_185' title='bbox 1330 3895 1490 3992; x_wconf 82' lang='lat' dir='ltr'><strong>moneo,</strong></span> <span class='ocrx_word' id='word_1_186' title='bbox 1518 3901 1643 3993; x_wconf 85' lang='lat' dir='ltr'><strong>quoad</strong></span> <span class='ocrx_word' id='word_1_187' title='bbox 1658 3901 1798 3973; x_wconf 89' lang='lat' dir='ltr'><strong>Bibliis</strong></span> <span class='ocrx_word' id='word_1_188' title='bbox 1823 3908 1914 3999; x_wconf 88' lang='lat' dir='ltr'><strong>qui·</strong></span> 
     </span>
     <span class='ocr_line' id='line_1_24' title="bbox 298 4009 1915 4146; baseline 0.004 -38"><span class='ocrx_word' id='word_1_189' title='bbox 298 4037 574 4112; x_wconf 72' lang='lat' dir='ltr'><strong>bus³liberJobi</strong></span> <span class='ocrx_word' id='word_1_190' title='bbox 586 4025 714 4133; x_wconf 35' lang='lat' dir='ltr'><strong>inestp</strong></span> <span class='ocrx_word' id='word_1_191' title='bbox 730 4065 772 4112; x_wconf 82' lang='lat' dir='ltr'><strong>ea</strong></span> <span class='ocrx_word' id='word_1_192' title='bbox 788 4053 828 4110; x_wconf 90' lang='lat' dir='ltr'><strong>te</strong></span> <span class='ocrx_word' id='word_1_193' title='bbox 841 4039 1061 4134; x_wconf 83' lang='lat' dir='ltr'><strong>saepissime</strong></span> <span class='ocrx_word' id='word_1_194' title='bbox 1078 4035 1233 4128; x_wconf 89' lang='lat' dir='ltr'><strong>quidem</strong></span> <span class='ocrx_word' id='word_1_195' title='bbox 1243 4009 1349 4104; x_wconf 73' lang='lat' dir='ltr'><strong>¹inihi</strong></span> <span class='ocrx_word' id='word_1_196' title='bbox 1359 4035 1596 4146; x_wconf 68' lang='lat' dir='ltr'><strong>promisisse,</strong></span> <span class='ocrx_word' id='word_1_197' title='bbox 1623 4034 1688 4106; x_wconf 86' lang='lat' dir='ltr'><strong>sed</strong></span> <span class='ocrx_word' id='word_1_198' title='bbox 1700 4038 1915 4135; x_wconf 87' lang='lat' dir='ltr'><strong>hucusque</strong></span> 
     </span>
     <span class='ocr_line' id='line_1_25' title="bbox 297 4169 1916 4270; baseline -0.002 -24"><span class='ocrx_word' id='word_1_199' title='bbox 297 4175 471 4246; x_wconf 87' lang='lat' dir='ltr'><strong>nondum</strong></span> <span class='ocrx_word' id='word_1_200' title='bbox 492 4174 538 4246; x_wconf 85' lang='lat' dir='ltr'><strong>ad</strong></span> <span class='ocrx_word' id='word_1_201' title='bbox 561 4176 873 4270; x_wconf 78' lang='lat' dir='ltr'><strong>nos&#39;pervenisse.</strong></span> <span class='ocrx_word' id='word_1_202' title='bbox 934 4171 1043 4267; x_wconf 87' lang='lat' dir='ltr'><strong>Quod</strong></span> <span class='ocrx_word' id='word_1_203' title='bbox 1062 4169 1107 4238; x_wconf 82' lang='lat' dir='ltr'><strong>od</strong></span> <span class='ocrx_word' id='word_1_204' title='bbox 1135 4173 1241 4262; x_wconf 86' lang='lat'><em>(129)</em></span> <span class='ocrx_word' id='word_1_205' title='bbox 1268 4169 1401 4258; x_wconf 83' lang='lat' dir='ltr'><strong>libros,</strong></span> <span class='ocrx_word' id='word_1_206' title='bbox 1440 4193 1533 4260; x_wconf 86' lang='lat' dir='ltr'><strong>quos</strong></span> <span class='ocrx_word' id='word_1_207' title='bbox 1559 4170 1704 4266; x_wconf 83' lang='lat' dir='ltr'><strong>viginti</strong></span> <span class='ocrx_word' id='word_1_208' title='bbox 1728 4173 1916 4268; x_wconf 86' lang='lat' dir='ltr'><strong>quinque</strong></span> 
     </span>
     <span class='ocr_line' id='line_1_26' title="bbox 210 4302 1919 4406; baseline -0.001 -27"><span class='ocrx_word' id='word_1_209' title='bbox 210 4387 215 4406; x_wconf 58' lang='lat'>,</span> <span class='ocrx_word' id='word_1_210' title='bbox 298 4309 528 4383; x_wconf 83' lang='lat' dir='ltr'><strong>Francorum</strong></span> <span class='ocrx_word' id='word_1_211' title='bbox 543 4311 700 4406; x_wconf 82' lang='lat' dir='ltr'><strong>pretioa</strong></span> <span class='ocrx_word' id='word_1_212' title='bbox 716 4326 755 4382; x_wconf 90' lang='lat' dir='ltr'><strong>te</strong></span> <span class='ocrx_word' id='word_1_213' title='bbox 772 4309 850 4380; x_wconf 89' lang='lat' dir='ltr'><strong>emi</strong></span> <span class='ocrx_word' id='word_1_214' title='bbox 868 4331 949 4402; x_wconf 81' lang='lat' dir='ltr'><strong>eos,</strong></span> <span class='ocrx_word' id='word_1_215' title='bbox 975 4307 1009 4376; x_wconf 91' lang='lat' dir='ltr'><strong>si</strong></span> <span class='ocrx_word' id='word_1_216' title='bbox 1024 4325 1144 4396; x_wconf 88' lang='lat' dir='ltr'><strong>usque</strong></span> <span class='ocrx_word' id='word_1_217' title='bbox 1167 4302 1212 4373; x_wconf 83' lang='lat' dir='ltr'><strong>od</strong></span> <span class='ocrx_word' id='word_1_218' title='bbox 1226 4303 1340 4390; x_wconf 87' lang='lat' dir='ltr'><strong>hujus</strong></span> <span class='ocrx_word' id='word_1_219' title='bbox 1357 4303 1499 4373; x_wconf 87' lang='lat' dir='ltr'><strong>mensis</strong></span> <span class='ocrx_word' id='word_1_220' title='bbox 1513 4305 1663 4375; x_wconf 83' lang='lat' dir='ltr'><strong>exitum</strong></span> <span class='ocrx_word' id='word_1_221' title='bbox 1685 4325 1919 4398; x_wconf 82' lang='lat' dir='ltr'><strong>exspectare</strong></span> 
     </span>
     <span class='ocr_line' id='line_1_27' title="bbox 300 4437 1920 4541; baseline -0.001 -25"><span class='ocrx_word' id='word_1_222' title='bbox 300 4445 377 4537; x_wconf 86' lang='lat' dir='ltr'><strong>vis,</strong></span> <span class='ocrx_word' id='word_1_223' title='bbox 403 4469 472 4540; x_wconf 84' lang='lat' dir='ltr'><strong>per</strong></span> <span class='ocrx_word' id='word_1_224' title='bbox 489 4447 688 4519; x_wconf 86' lang='lat' dir='ltr'><strong>hominem</strong></span> <span class='ocrx_word' id='word_1_225' title='bbox 714 4448 814 4540; x_wconf 80' lang='lat' dir='ltr'><strong>irone</strong></span> <span class='ocrx_word' id='word_1_226' title='bbox 835 4443 1036 4538; x_wconf 83' lang='lat' dir='ltr'><strong>epistolam</strong></span> <span class='ocrx_word' id='word_1_227' title='bbox 1054 4439 1325 4532; x_wconf 85' lang='lat' dir='ltr'><strong>perferentem,</strong></span> <span class='ocrx_word' id='word_1_228' title='bbox 1353 4437 1476 4508; x_wconf 87' lang='lat' dir='ltr'><strong>mitte.</strong></span> <span class='ocrx_word' id='word_1_229' title='bbox 1529 4437 1715 4508; x_wconf 73' lang='lat' dir='ltr'><strong>Simorum</strong></span> <span class='ocrx_word' id='word_1_230' title='bbox 1735 4440 1920 4541; x_wconf 72' lang='lat' dir='ltr'><strong>Evange-</strong></span> 
     </span>
     <span class='ocr_line' id='line_1_28' title="bbox 301 4569 1921 4685; baseline -0.003 -31"><span class='ocrx_word' id='word_1_231' title='bbox 301 4583 403 4685; x_wconf 86' lang='lat' dir='ltr'><strong>lium</strong></span> <span class='ocrx_word' id='word_1_232' title='bbox 431 4581 595 4673; x_wconf 85' lang='lat' dir='ltr'><strong>denique</strong></span> <span class='ocrx_word' id='word_1_233' title='bbox 614 4583 729 4684; x_wconf 82' lang='lat' dir='ltr'><strong>iliud,</strong></span> <span class='ocrx_word' id='word_1_234' title='bbox 757 4581 802 4672; x_wconf 82' lang='lat' dir='ltr'><strong>de</strong></span> <span class='ocrx_word' id='word_1_235' title='bbox 821 4603 896 4674; x_wconf 91' lang='lat' dir='ltr'><strong>quo</strong></span> <span class='ocrx_word' id='word_1_236' title='bbox 914 4578 987 4649; x_wconf 91' lang='lat' dir='ltr'><strong>tibi</strong></span> <span class='ocrx_word' id='word_1_237' title='bbox 1007 4573 1175 4664; x_wconf 80' lang='lat' dir='ltr'><strong>narravi,</strong></span> <span class='ocrx_word' id='word_1_238' title='bbox 1207 4595 1229 4642; x_wconf 81' lang='lat' dir='ltr'>a</span> <span class='ocrx_word' id='word_1_239' title='bbox 1255 4593 1465 4665; x_wconf 87' lang='lat' dir='ltr'><strong>possessore</strong></span> <span class='ocrx_word' id='word_1_240' title='bbox 1486 4573 1570 4659; x_wconf 82' lang='lat' dir='ltr'><strong>jam&#39;</strong></span> <span class='ocrx_word' id='word_1_241' title='bbox 1590 4569 1809 4643; x_wconf 83' lang='lat' dir='ltr'><strong>venditum</strong></span> <span class='ocrx_word' id='word_1_242' title='bbox 1833 4601 1921 4648; x_wconf 83' lang='lat' dir='ltr'><strong>esse</strong></span> 
     </span>
    </p>
   </div>
   <div class='ocr_carea' id='block_1_12' title="bbox 0 0 2027 5440">
    <p class='ocr_par' dir='ltr' id='par_1_12' title="bbox 0 0 2027 5440">
     <span class='ocr_line' id='line_1_29' title="bbox 0 0 2027 5440; baseline 0 0"><span class='ocrx_word' id='word_1_243' title='bbox 0 0 2027 5440; x_wconf 95' lang='lat' dir='ltr'><strong> </strong></span> 
     </span>
    </p>
   </div>
  </div>
 </body>
</html>
