3986 5440
723 469 832 500 Μ
869 421 931 532 '35
982 451 1110 546 Μ,
1244 475 1271 526 t.

874 639 923 710 11.

1 864 2 872 ἵ
86 733 248 847 Servus
260 767 417 846 tuus'N.
446 789 601 870 egente
612 775 681 844 N.:
732 735 916 866 E'prlmis
936 755 1204 844 mercatoribus
1221 793 1343 864 eram,
1367 793 1457 843 cum
1475 771 1702 866 Respublica

87 909 399 1006 Franco-gallica
423 913 639 1002 Aegyptum
665 907 875 1001 invaderet,
911 923 956 978 ut
979 886 1228 978 mercimonia
1254 909 1354 1005 (134)
1379 907 1465 978 mea
1486 907 1701 1002 agminibus

39 1108 48 1130 ,
86 1045 392 1138 transportando
409 1059 678 1134 mercatorum,
703 1041 863 1112 'nomine
884 1058 923 1114 et
938 1043 1101 1114 fortunis
1117 1064 1356 1112 summorum
1368 1042 1504 1135 instar,
1530 1042 1702 1116 commit·

86 1197 256 1280 terem.
295 1182 421 1272 Atque
451 1203 540 1250 cum
566 1179 773 1272 imperator
797 1179 951 1270 Syriam»
968 1193 1095 1272 petere
1114 1177 1389 1268 constituisset,
1415 1179 1543 1248 filium
1567 1177 1702 1248 sororia

12 1315 16 1322 '
83 1335 213 1418 meae
230 1313 444 1384 ministerio
457 1335 527 1384 suo
547 1313 762 1406 assumpsit,
785 1327 829 1382 ut
840 1337 885 1382 ex
898 1335 942 1382 eo
958 1312 1004 1383 de
1018 1313 1122 1404 Syria
1139 1327 1391 1408 cognosceret.
1420 1297 1701 1408 occupantibus

81 1447 211 1518 vobis
228 1443 374 1542 J'oppen
397 1451 541 1520 multae
562 1436 663 1518 mihi
684 1463 791 1520 erant
810 1448 1026 1540 facultates,
1054 1469 1145 1542 quaa
1159 1447 1343 1517 Muslemi
1362 1461 1516 1541 propter
1534 1463 1703 1520 nostram

79 1583 329 1678 praestitam
351 1584 570 1678 imperatori
590 1605 743 1677 operam
760 1582 992 1676 diripiendas
1017 1581 1159 1676 dedere.
1243 1584 1416 1673 Itemque
1441 1597 1527 1676 post
1548 1583 1703 1654 Franco-
1791 1635 1794 1642 .

77 1718 299 1818 gallorum
329 1718 561 1790 Ptolemaide
594 1717 1182 1810 ι11111111111,110111,(1111111111ιὶ
1213 1715 1256 1787 in
1286 1718 1393 1810 Syria
1423 1733 1548 1810 erant,
1575 1719 1704 1789 omnia

80 1853 300 1939 Muslemi
318 1853 551 1946 spoliarunt,
573 1851 740 1942 duosque
754 1853 906 1942 fratres,
933 1851 976 1920 in
996 1851 1065 1922 illa
1083 1851 1239 1946 regione
1256 1841 1470 1922 habitantes
1497 1858 1619 1947 (135),
1645 1875 1705 1924 oc·

74 1987 310 2076 ciderunt,
360 1985 607 2074 eamdemque
644 1985 690 2054 ob
722 2007 873 2054 causam
903 2005 988 2052 mea
1019 2005 1125 2052 nunc
1150 1984 1298 2058 familia
1329 1985 1466 2054 cervici
1490 2008 1595 2055 meae
1634 1987 1705 2056 im·
1737 2005 1749 2026 ·

71 2121 242 2219 posita
256 2133 322 2187 est.
372 2118 517 2186 Praelio
530 2138 616 2188 vero
636 2116 918 2208 duceKlebero,
945 2138 1059 2208 quem
1070 2116 1174 2187 Deus
1194 2115 1291 2208 beet,
1317 2111 1538 2208 commisso,
1563 2120 1708 2190 Islami·

72 2276 161 2332 tae
180 2274 325 2324 omnes
338 2265 483 2320 nostras
497 2251 685 2330 domuset
697 2251 841 2321 reditus
855 2247 1053 2343 ceperunt,
1079 2271 1223 2342 nosque
1243 2251 1339 2322 nudi
1353 2251 1572 2348 effugimus.
1598 2253 1708 2328 Fran·

78 2384 263 2486 engalli-
271 2387 488 2481 Aegyptum
500 2385 804 2478 relinquentibus
816 2399 894 2480 ego
910 2363 1045 2476 'itaque
1059 2395 1148 2467 c'um
1167 2385 1260 2480 ipsis
1273 2386 1460 2458 discedere
1474 2405 1623 2461 coactus
1636 2390 1708 2483 tui,

78 2526 258 2608 timens
278 2519 324 2590 de
347 2499 534 2618 sanguine
546 2543 658 2613 meo,
672 2520 932 2591 etMassiliam
946 2520 1034 2590 seni
1052 2541 1191 2592 vacuus
1211 2489 1250 2592 et
1268 2523 1371 2592 nihil
1393 2523 1533 2596 habens
1558 2525 1619 2614 (de
1633 2549 1708 2618 quo

81 2660 307 2744 viverem).
358 2656 514 2750 Propter
534 2654 662 2724 officia
680 2677 767 2724 mea
784 2669 894 2726 antea
906 2653 1096 2748 praestita,
1116 2656 1363 2748 Reipublicae
1383 2657 1709 2755 Franco-gallicae

83 2795 295 2892 princeps
318 2813 379 2862 me
402 2791 557 2881 quidem
576 2788 720 2876 adjuvit
740 2805 779 2858 et
797 2789 986 2859 auxilium
1002 2789 1104 2858 mihi
1118 2791 1229 2880 tulit,
1261 2805 1306 2860 ut
1322 2792 1479 2882 reliquis
1493 2789 1710 2888 Aegyptiis,

83 2926 399 3026 quinquaginta
419 2925 567 2994 scilicet
581 2925 734 3020 singulo
753 2923 815 2992 die
827 2922 971 2993 Solidos
991 2923 1093 2992 mihi
1109 2923 1372 3016 suppeditans,
1399 2923 1595 3018 tribusque
1615 2925 1711 3000 meis

83 3063 272 3140 filiabus
299 3083 458 3152 quarum
486 3059 651 3128 minima
676 3057 780 3148 (136)
808 3071 984 3128 octavum
1008 3057 1135 3154 exegit
1166 3080 1330 3150 annum,
1373 3057 1711 3158 vigintiquinque

84 3197 333 3286 unicuique
356 3193 492 3266 solidos
513 3194 666 3287 singulo
688 3192 769 3282 die,
820 3207 865 3287 tu
891 3213 977 3262 vero
1003 3191 1304 3264 fortunatissime
1321 3181 1424 3266 liaud
1441 3195 1590 3292 ignoras
1609 3205 1714 3278 auxi·
1775 3225 1777 3235 ·

86 3339 218 3411 lium
248 3329 351 3400 illud
375 3308 431 3400 ne
448 3343 602 3420 quartae
619 3326 774 3418 quidem
789 3326 1059 3396 necessitatum
1085 3343 1299 3399 nostrarum
1318 3329 1417 3420 parti
1437 3333 1624 3430 sulficere,
1650 3340 1713 3412 hia

86 3465 344 3569 praesertim
364 3463 406 3538 in
428 3461 553 3554 terris,
580 3461 647 3532 ubi
670 3461 794 3530 victus
815 3461 922 3530 valde
940 3476 1031 3532 sunt
1049 3463 1144 3554 cari,
1171 3463 1381 3558 deindeque
1397 3466 1610 3542 fortunatae
1625 3489 1713 3546 tuae

85 3622 303 3706 personae
321 3614 458 3693 notum
475 3615 547 3690 est,
571 3597 716 3668 similes
735 3593 811 3664 mei
827 3596 951 3666 vivere
963 3618 1042 3666 non
1055 3619 1162 3692 posse
1175 3598 1221 3671 ad
1238 3601 1358 3671 instar
1374 3623 1586 3696 pauperum
1599 3641 1715 3660 --

86 3711 177 3819 tati
210 3737 297 3806 vita
318 3756 417 3803 mors
442 3748 499 3804 est
524 3711 792 3827 praestantior!
845 3731 1108 3802 celsissimam
1128 3734 1425 3808 misericordiam
1455 3737 1637 3832 imploro,
1671 3753 1718 3809 ut
1747 3720 1785 3842 '·
1841 3735 1845 3742 ’

88 3893 278 3954 tantum
294 3883 483 3963 quantum
495 3869 596 3938 mihi
607 3835 779 3960 meisque
793 3865 977 3962 sufficiat,
1004 3867 1106 3938 mihi
1118 3871 1345 3966 suppedites.
1372 3869 1442 3939 etc.
