3986 5440
653 505 761 536 §w
799 479 879 548 '21'
912 503 1021 536 mv
1074 483 1079 538 .’

55 681 150 754 dieii
168 677 308 750 mensis
325 673 533 774 praeteriti,
552 673 721 768 advenit,
736 697 852 769 quam
869 673 1103 772 perlegimus
1119 673 1213 747 laeti
1232 675 1277 746 de
1295 675 1394 748 bona
1411 693 1478 748 tua
1497 680 1640 752 valetu-

14 789 15 798 ³
54 816 129 884 dine
148 829 184 883 et
204 813 335 884 omnia
352 833 455 905 quse
488 809 714 903 exposuisti,
739 809 913 902 itemque
942 811 1104 882 ultimae
1129 825 1279 882 nostrae
1298 809 1483 905 epistoloe
1502 813 1640 884 adma-

52 963 253 1018 numtuam
274 947 480 1016 adventum
504 944 756 1039 percepimus.
807 945 1018 1040 Ingenium
1039 961 1153 1014 tuum
1173 943 1462 1016 nobilissimum
1476 951 1642 1044 comple·

50 1105 131 1152 xum
152 1097 210 1153 est
229 1099 361 1173 omne,
378 1052 488 1174 'quod
509 1095 621 1150 antea
636 1078 977 1172 explicaveramus3
1029 1095 1068 1150 et
1093 1079 1260 1175 cognito,
1287 1102 1356 1151 nos
1381 1095 1455 1151 ate
1470 1081 1562 1153 duos
1578 1107 1643 1177 pe·

14 1237 16 1242 ·
36 1217 146 1287 'tiisse
162 1217 277 1288 lintei
291 1217 421 1308 fasces,
447 1213 649 1306 mandasti,
675 1227 721 1284 ut
739 1215 813 1284 duo
828 1215 875 1284 ad
891 1229 929 1284 te
951 1211 1193 1284 mitteremus
1210 1219 1289 1304 (83)
1316 1230 1532 1312 segmenta,
1559 1215 1643 1308 qui-

48 1351 110 1422 bus
134 1350 387 1440 inmittendo
408 1350 469 1420 uti
487 1349 607 1472 possis
631 1348 920 1448 speciminibus.
970 1351 1055 1420 Jam
1074 1372 1160 1420 vero
1185 1349 1258 1420 tibi
1275 1349 1509 1444 indicamus,
1536 1373 1641 1424 nunc

49 1509 121 1556 non
146 1509 224 1556 esse
250 1489 330 1584 (79)
357 1485 458 1578 quod
475 1484 583 1554 nobis
610 1485 703 1553 istos
731 1485 879 1577 mittas,
910 1482 1053 1579 quippe
1081 1485 1149 1576 qui
1172 1483 1311 1579 petitos
1341 1483 1386 1554 ab
1416 1486 1533 1588 hujus
1564 1487 1642 1557 loci
1729 1565 1734 1574 ¹

48 1620 159 1691 amico
183 1616 347 1714 quodam
367 1619 652 1713 acquisivimus.
702 1619 789 1690 Alio
811 1633 983 1715 tempore
1008 1623 1090 1718 (84)
1123 1617 1163 1689 si
1178 1619 1234 1690 rei
1252 1621 1451 1708 cujusdam
1476 1635 1642 1694 svestra

46 1771 137 1826 terra
156 1756 312 1827 redierit
331 1753 553 1847 necessitas,
579 1753 653 1824 tibi
675 1753 952 1847 indicabimus,
978 1777 1071 1824 nam
1088 1753 1323 1825 nullomodo
1343 1770 1410 1825 tua
1424 1755 1642 1842 humanita-

16 1903 80 1971 ,te
96 1913 296 1984 possumus
327 1913 451 1961 carere
477 1893 569 1982 (85).
621 1887 731 1982 Quod
748 1889 910 1984 rogasti,
948 1903 1013 1978 ut,
1039 1887 1073 1958 si
1095 1885 1301 1958 habeamus
1325 1890 1442 1960 libros
1459 1889 1642 1983 arabicos,

47 2047 133 2116 quos
152 2025 315 2094 vendere
331 2024 513 2112 velimus,
538 2023 612 2090 hoc
632 2020 707 2089 tibi
729 2010 966 2112 cum'pretio
989 2021 1268 2110 indicaremus,
1295 2020 1408 2112 scias,
1434 2019 1643 2116 carissime,

44 2181 108 2230 nos
122 2159 256 2228 nullos
269 2157 407 2256 babere
423 2154 539 2226 libros
556 2153 737 2245 arabicos,
764 2176 877 2246 quos,
903 2154 939 2224 si
950 2151 1059 2226 nobis
1074 2169 1215 2247 essent,
1242 2155 1315 2225 tibi
1329 2155 1431 2226 haud
1452 2157 1646 2229 detenturi

45 2287 222 2364 sonemus.
276 2263 385 2384 Quod
406 2312 492 2360 vero
512 2289 774 2359 benevolentia
789 2303 854 2358 tua
873 2289 983 2358 nobis
998 2313 1080 2359 cara
1096 2303 1168 2381 est,
1194 2311 1339 2382 nosque
1357 2291 1644 2366 necessitatibus

46 2428 119 2498 tuis
141 2426 333 2497 inservire
348 2425 526 2518 cupimus
553 2426 626 2516 (5):
660 2423 813 2494 cuidam
834 2423 1047 2494 amicorum
1064 2439 1301 2517 nostrorum,
1328 2425 1372 2495 in
1393 2427 1563 2523 Aegypto
1581 2429 1646 2500 ha-

15 2635 16 2638 ,
46 2561 231 2633 bisantem
255 2560 300 2631 de
318 2575 480 2652 quatuor
497 2559 605 2630 libris
627 2557 868 2651 scripsimus,
895 2557 963 2650 qui
981 2558 1206 2630 contineant
1233 2561 1425 2654 chronica,
1457 2561 1644 2659 carmina,

48 2663 275 2768 narrationes
290 2711 329 2765 et
343 2695 428 2785 alia,
456 2717 548 2788 quos
565 2694 698 2763 allatos
717 2693 763 2762 ad
782 2707 821 2762 te
838 2693 1048 2764 mittemus.
1082 2787 1087 2802 ⁸
1102 2693 1143 2764 Si
1159 2693 1252 2788 quid
1267 2711 1416 2790 praeter
1433 2697 1550 2768 lrbros
1565 2699 1645 2786 (86)

50 2831 329 2922 desideraueris,
357 2851 424 2900 nos
447 2831 505 2898 fac
520 2827 705 2918 sciamus,
733 2842 777 2897 ut
795 2826 937 2896 iterum
951 2829 1169 2923 Aegyptum
1187 2829 1418 2923 scribamus,
1442 2853 1535 2902 nam
1550 2833 1646 2924 votis

50 2967 356 3039 tuis-satisfacere
371 2963 414 3036 in
427 2963 590 3036 summis
607 2961 746 3031 nostris
766 2959 960 3030 desideriis
980 2977 1048 3032 est.
1101 2962 1330 3055 Quaesivisti
1342 2981 1534 3060 praeterea
1551 2989 1647 3040 num

48 3103 210 3196 semina,
237 3099 377 3194 quaesi
396 3097 579 3191 volueris,
607 3099 828 3196 eergypto
843 3095 917 3167 tibi
928 3117 1146 3190 comparare
1159 3097 1371 3192 possimus,
1398 3115 1436 3171 et
1451 3100 1565 3197 scias,
1591 3125 1648 3174 ca-

49 3236 215 3330 tissime,
242 3233 315 3307 tibi
335 3233 492 3304 nonnisi
505 3232 615 3304 nobis
637 3229 889 3304 indicandum
902 3253 982 3302 esse
997 3231 1251 3328 quodcunque
1269 3235 1479 3332 cupiveris,
1505 3261 1650 3334 nosque

50 3395 250 3467 nunquam
277 3393 358 3441 esse
391 3369 599 3440 defuturos.
650 3369 906 3462 Quaecunque
921 3367 1044 3464 igitur
1062 3367 1211 3440 semina
1230 3372 1410 3484 cupieris,
1438 3395 1571 3446 eorum
1589 3397 1651 3472 ge·

51 3531 139 3579 nera
160 3505 274 3580 nobis
300 3505 445 3598 indica,
474 3518 620 3608 notum
641 3503 749 3572 enim
767 3501 841 3572 trbi
865 3500 942 3596 ipsi
965 3517 1041 3596 est,
1079 3495 1225 3598 'species
1246 3531 1383 3582 eorum
1401 3531 1482 3580 esse
1512 3507 1650 3598 varias,

49 3641 208 3738 ideoque
237 3641 450 3731 seminum,
477 3637 615 3732 quibus
636 3637 710 3708 tibi
735 3659 830 3732 opus
854 3652 927 3729 est,
961 3637 1121 3708 nomina
1143 3653 1183 3710 et
1208 3663 1348 3741 genera
1367 3642 1478 3714 nobis
1504 3663 1656 3730 enarra,

51 3777 176 3864 sintne
200 3775 369 3868 medica,
395 3773 670 3846 anfractuum
696 3767 776 3869 '(87)
810 3793 861 3842 an
889 3771 1046 3868 florum,
1078 3788 1125 3844 ut
1149 3775 1371 3879 Aegyptum
1395 3777 1580 3864 scribam,
1611 3785 1656 3840 ut

50 3913 207 4004 mittant
220 3913 352 4007 petita.
403 3885 652 4002 Tranquillus
674 3907 737 3979 sis.
789 3908 983 3979 Dominus
1002 3923 1133 3982 noster
1146 3923 1185 3980 te
1196 3927 1372 4004 tueatur,
1398 3923 1583 3998 tuamque
1602 3901 1658 3973 vi·

53 4063 129 4120 tam
148 4049 354 4144 prolonget
367 4043 410 4114 in
423 4043 599 4114 omnibus
610 4043 738 4134 bonis,
765 4062 910 4141 egoque
926 4065 994 4138 pro
1013 4057 1054 4116 te
1065 4064 1209 4138 precor.

150 4177 349 4277 Scriptum
361 4177 526 4252 Liburni
537 4179 624 4251 XVI
637 4177 746 4252 iunii
768 4177 863 4249 anni
877 4177 1191 4252 MDCCCXVHI.

975 4311 1058 4410 „Ab
1097 4291 1400 4385 Muhammed
1428 4343 1437 4362 ·
1465 4343 1518 4372 ο.

261 4450 363 4524 Huic
389 4447 581 4547 (epistola)
606 4447 806 4524 ineiusum
829 4463 887 4520 est
907 4467 1133 4544 responsum
1151 4443 1349 4535 cnavagae
1364 4425 1553 4506 Iohannis
1569 4433 1631 4524 N.

724 4645 997 4678 w*
