3986 5440
703 503 831 550 ,Μ
885 507 931 584 1,
981 516 1091 550 ..-

745 673 749 680 ’
863 679 941 770 ΙΧ.

296 875 406 962 Viro
437 874 716 996 dignissimo,
752 872 877 964 fratri
912 874 1156 978 carissimo,
1199 869 1325 956 Dom.
1353 865 1407 956 N.
1450 971 1454 978 ¹

97 1143 389 1262 postmultum
410 1214 537 1264 rerum
556 1209 713 1266 tuarum
734 1195 1091 1294 cognoscendarum,
1104 1191 1353 1286 desiderium,
1373 1187 1572 1263 certiorem
1590 1200 1629 1259 te
1647 1161 1713 1256 fa·¹

97 1321 181 1415 cio,
198 1325 394 1398 carissime
413 1329 542 1422 freter,
569 1311 737 1402 meante
756 1331 862 1401 hunc
876 1355 1049 1403 mensem
1067 1331 1414 1403 aestimatissimam
1435 1341 1543 1397 tuam
1564 1321 1700 1418 episto-

95 1459 172 1531 lam
188 1463 395 1556 accepisse,
422 1465 677 1560 syngrapham
697 1469 855 1536 alteram
869 1466 915 1536 de
936 1467 1034 1538 CLX
1053 1467 1217 1538 florenis·
1229 1435 1504 1537 continentem.
1557 1459 1639 1566 Qua
1653 1453 1699 1524 de

6 1599 8 1634 ³
97 1615 135 1664 re
166 1611 401 1691 quantopere
428 1598 577 1698 gavisus
606 1601 715 1706 sim„
739 1617 829 1670 ante
855 1602 1004 1694 omnia,
1045 1601 1103 1671 mi
1123 1601 1316 1674 carissime
1336 1598 1408 1669 tibi
1429 1589 1699 1690 exponendum

95 1743 170 1814 est:
197 1729 240 1802 id
255 1733 357 1824 quod
367 1734 470 1804 Deus
483 1734 723 1806 solummodo
734 1733 820 1826 scit,
846 1732 1152 1829 quandoquidem
1164 1759 1287 1807 annus
1303 1750 1342 1806 et
1354 1757 1418 1806 sex
1431 1751 1579 1804 menses
1594 1737 1698 1815 sunt,

95 1863 236 1956 quibus
258 1869 408 1938 nullam
430 1891 451 1938 a
472 1885 512 1939 te
533 1869 736 1962 epistolam
757 1869 902 1964 accepi,
929 1885 969 1940 et
987 1895 1103 1962 quam
1122 1871 1248 1966 accepi
1263 1869 1528 1958 novissimam,
1555 1875 1699 1934 eaante

93 1997 165 2070 hos
190 1999 285 2072 duos
308 2025 428 2072 annos
451 2003 537 2072 data
552 2017 644 2072 erat.
694 2003 879 2098 Quocirca
901 2006 1069 2074 maxime
1090 2005 1137 2076 de
1158 2019 1196 2076 te
1216 2027 1319 2076 eram
1340 2002 1545 2092 sollicitus,
1580 2017 1699 2090 eoque

92 2123 244 2230 magis,
269 2134 371 2242 quod
387 2157 455 2229 per
474 2113 703 2230 Tergestum
723 2151 762 2205 et
778 2137 997 2208 Libumum
1017 2138 1181 2241 quoties!
1232 2137 1470 2232 scripseram,
1496 2135 1613 2206 etiam
1632 2151 1701 2226 per

94 2265 334 2359 Massiliam,
348 2300 351 2304 ·
366 2267 431 2338 sed
452 2289 668 2339 cormeum
690 2269 732 2340 in
760 2271 911 2340 nuntiis
940 2271 987 2342 de
1011 2275 1134 2345 'salute
1151 2289 1219 2344 tua
1240 2269 1500 2366 exspectandis
1521 2263 1700 2362 perstitit
1722 2345 1737 2362 k

93 2404 247 2476 Tamen
270 2403 386 2474 ho'die
411 2417 503 2474 sunt
529 2403 679 2474 circiter
704 2395 797 2474 duos
823 2427 971 2476 menses
998 2407 1044 2478 ad
1070 2407 1197 2478 virum
1223 2408 1325 2478 mihi
1350 2407 1520 2478 amicum
1536 2397 1700 2473 Liburni
1804 2431 1807 2440 ·

95 2554 416 2631 commorantem,
442 2539 664 2633 scripsi,·ut
681 2538 716 2610 si
740 2536 816 2634 ipsi
833 2541 1079 2612 Vratislaviae
1098 2559 1210 2635 esset,
1232 2565 1399 2636 quocum
1424 2537 1700 2612 commercium

95 2673 331 2747 litterarium
344 2677 495 2764 coleret,
522 2672 589 2758 hic,
604 2673 651 2744 de
666 2687 704 2744 te
717 2678 946 2770 exploraret,
975 2701 1071 2748 num
1089 2678 1212 2748 adhuc
1229 2678 1272 2750 in
1290 2677 1384 2749 vivis
1399 2677 1462 2748 sis.
1487 2667 1703 2768 Respondit

97 2811 299 2882 neminem
329 2810 404 2880 sibi
426 2809 671 2880 Vratislaviae
697 2831 795 2902 esse,
836 2833 1002 2904 quocum
1022 2815 1099 2884 tale
1123 2813 1396 2884 commercium
1427 2813 1585 2901 coleret,
1634 2805 1701 2878 sed

38 2995 42 3002 -
98 2947 269 3018 amicum
285 2943 488 3041 quemdam
512 2943 677 3016 Liburni
701 2945 948 3037 epistolarum
970 2948 1244 3017 commercium
1261 2948 1304 3018 in
1319 2921 1418 3018 terra
1437 2958 1559 3018 vestra
1577 2909 1700 3012 colen·

98 3099 198 3177 tem,
226 3083 355 3176 quide
370 3049 409 3152 te
424 3081 645 3173 exploraret.
696 3079 775 3150 Hac
787 3079 909 3174 igitur
927 3079 1087 3174 epistola
1100 3081 1202 3151 mihi
1220 3105 1241 3152 a
1258 3096 1297 3154 te
1315 3079 1538 3178 obtingente
1555 3073 1702 3148 laetitia

101 3237 137 3290 et
151 3218 340 3318 gaudium
359 3218 406 3287 ad
424 3237 622 3287 summum
634 3235 697 3284 me
713 3213 870 3286 incessit
886 3230 925 3286 et
942 3215 1080 3312 gratias
1100 3215 1163 3312 egi
1174 3217 1267 3309 Deo,
1294 3215 1394 3310 quod
1413 3215 1536 3285 saluta
1557 3213 1702 3307 optima

6 3359 12 3436 J
98 3353 249 3426 frueris.
301 3335 424 3445 Atque
442 3351 515 3421 hoc
530 3348 631 3434 milri
650 3349 864 3420 maximum
879 3363 952 3442 est,
979 3349 1038 3420 uti
1055 3352 1159 3425 Deus
1179 3373 1242 3422 cor
1258 3375 1389 3423 meum
1413 3351 1531 3424 novit.
1583 3347 1704 3422 Dein-

100 3491 145 3563 de
164 3507 315 3580 autem,
341 3511 462 3581 quum
484 3485 530 3555 de
549 3484 674 3556 allatis
689 3484 811 3575 libris,
839 3493 932 3576 quos
953 3484 1043 3575 tibi,
1071 3479 1429 3580 per‘manumbeati
1456 3489 1536 3584 (74)
1563 3486 1703 3559 Chara-

100 3649 147 3724 ga
163 3626 338 3720 Raphael
358 3623 509 3712 Kuhin,
536 3622 731 3712 miseram,
769 3619 871 3692 nibil
894 3619 1162 3714 rescripsisses,
1196 3621 1263 3692 hic
1285 3645 1371 3696 vero
1391 3636 1479 3693 ante
1498 3630 1705 3714 annumet

101 3764 202 3858 quod
219 3760 388 3833 excurrit
407 3773 580 3828 mortuus
601 3755 669 3848 sit,
695 3777 765 3826 nec
790 3777 850 3824 eos
867 3755 981 3826 libros
1003 3755 1064 3826 abs
1082 3757 1271 3850 repetitos
1286 3781 1365 3828 esse
1386 3753 1638 3842 nuntiaverit,
1664 3765 1705 3818 et
1770 3805 1788 3830 ,.

100 3921 171 3994 ego
190 3895 381 3969 nescirem
400 3862 515 3987 quem
531 3891 576 3962 de
593 3906 632 3962 te
645 3891 899 3982 consulerem,
926 3877 993 3992 tua
1005 3913 1133 3962 caussa
1156 3891 1263 3963 valde
1282 3891 1471 3982 sollicitus
1482 3887 1558 3977 fui,
1586 3884 1706 3996 donec

103 4033 204 4106 dicta
219 4049 290 4104 tua
305 4031 464 4126 epistola
474 4027 676 4104 adveniret.
727 4025 758 4096 E
780 4017 894 4096 rebus
907 4026 1070 4120 patriam
1084 4011 1210 4097 meam
1230 4023 1506 4120 spectantibus,
1530 4019 1624 4109 hoc,
1649 4016 1707 4087 mi

103 4169 317 4256 carissime,
355 4176 567 4235 memoratu
595 4161 776 4258 dignum,
802 4160 903 4254 quod
926 4175 1014 4232 ante
1030 4163 1099 4232 hos
1125 4183 1190 4230 sex
1210 4179 1357 4230 menses
1377 4152 1499 4244 pestis
1514 4151 1707 4266 “Pistum

75 4329 80 4340 ’
103 4307 219 4398 plane
242 4300 410 4399 cessavit
421 4313 622 4394 postquam
641 4318 707 4390 per
734 4295 825 4366 duos
843 4317 961 4366 annos
984 4311 1022 4366 et
1037 4294 1245 4364 dimidium
1263 4291 1469 4359 duraverat.
1520 4283 1709 4380 Tempora
1742 4329 1745 4335 ,

104 4440 249 4512 aestivo
269 4435 442 4530 proxime
460 4431 661 4527 praeterito
681 4433 803 4502 fervor
828 4445 977 4522 praeter
993 4429 1153 4498 solitum
1173 4425 1309 4516 ingens
1328 4411 1468 4512 incidit
1487 4436 1599 4492 vento
1615 4439 1716 4496 sam<
1780 4443 1783 4451 ·

105 4573 464 4648 mumvehemente
484 4592 573 4639 cum
589 4581 695 4638 aestu
711 4566 779 4637 diu
798 4567 898 4658 apud
915 4586 983 4636 nos
1004 4563 1138 4646 flante,
1166 4569 1204 4622 et
1221 4545 1352 4672 pluvia
1368 4541 1582 4669 deiiciente,
1609 4547 1711 4658 unde

889 4718 911 4786 3
