3986 5440
379 1353 411 1380 ἢ,
510 1243 621 1344 gr.
687 1151 1250 1322 norsrotrn.

223 2160 384 2232 Eramus
411 2154 609 2244 conjuncti
625 2170 673 2231 ,et
699 2153 832 2228 domus
859 2177 939 2230 una
962 2177 1031 2230 nos
1059 2155 1276 2230 continebat
1300 2173 1346 2232 ut
1370 2163 1595 2252 conjunctae

318 2307 413 2363 sunt
444 2291 593 2362 litterae
623 2293 749 2389 &23

219 2489 262 2569 'at
288 2494 401 2568 hodie
428 2493 609 2596 discessus
636 2515 704 2564 nos
730 2491 954 2568 assimilavit
978 2492 1117 2571 litteris
1139 2489 1229 2602 git>
1262 2469 1473 2592 disjunctis.
1514 2505 1567 2592 (1)

905 2905 934 2974 1.

323 3064 431 3154 Viro
469 3066 574 3182 (sl)
603 3063 888 3181 dignissimo,
948 3066 1090 3152 amico
1137 3057 1382 3178 carissimo,
1438 3073 1630 3165 Domino
1667 3079 1722 3168 N.

233 3281 237 3288 .
336 3246 339 3250 ·
436 3241 569 3325 quem
596 3213 712 3298 Deus
735 3229 984 3298 conservet.
1043 3219 1106 3328 (2)

120 3459 166 3566 P
168 3515 227 3570 ost
243 3491 457 3570 maximu‘m
477 3479 707 3568 desiderium
724 3496 861 3566 faciem
875 3511 982 3566 tuam
1001 3496 1234 3570 carissimam
1265 3503 1303 3572 in
1329 3503 1578 3582 incolumitate
1594 3509 1723 3584 viden.-

121 3636 163 3706 di
190 3639 244 3726 (3)
270 3615 470 3709 certiore'm
483 3649 522 3704 te
535 3634 713 3724 facimus,
739 3633 860 3702 amice
879 3647 1022 3735 noster,
1048 3635 1308 3709 honorandam
1325 3655 1433 3712 tuam
1456 3645 1656 3737 epistolam
1677 3645 1723 3714 ad

109 3763 193 3842 nos
209 3771 424 3864 pervenisse
440 3783 479 3840 et
499 3769 636 3864 gratias
657 3767 800 3838 anobis
820 3781 918 3840 actas
939 3789 1019 3836 esse
1030 3769 1111 3838 Deo
1132 3771 1178 3840 ob
1196 3771 1458 3870 integritatem
1476 3779 1609 3848 salutis
1624 3791 1723 3846 tuae.

121 3909 200 3977 Nec
222 3921 261 3975 te
280 3906 454 4001 ignorare
476 3905 578 3994 volo,
605 3903 661 3972 mi
669 3903 784 3974 frater
807 3917 846 3973 et
861 3903 1001 3994 amice,
1030 3904 1166 3996 quoda
1186 3910 1471 4009 quatuordecim
1485 3911 1575 3982 inde
1590 3908 1722 3980 diebus

112 4041 326 4137 negotium
346 4039 448 4108 mihi
469 4037 624 4108 evenit.»
659 4038 813 4110 Scilicet
840 4019 1177 4113 necessarium'est
1205 4059 1249 4112 ut
1270 4045 1483 4136 proficiscar
1501 4041 1655 4115 Lutetia
1681 4044 1724 4116 in

120 4167 293 4266 Italiam,
318 4177 546 4269 Tergestum
569 4195 708 4266 nempe
732 4175 865 4242 urbem
888 4173 1012 4259 etjam
1024 4172 1291 4268 syngraphum
1318 4181 1372 4272 (4)
1399 4142 1740 4266 postulavtveetus

119 4289 280 4404 samque
299 4309 592 4401 veredae,quam
612 4309 792 4398 siligenes
808 4309 1013 4402 appell-ant,
1034 4307 1140 4378 solvi.
1171 4309 1455 4378 Proliciscemur
1468 4307 1560 4378 hinc
1574 4311 1726 4408 Lugdu.

108 4449 233 4533 ·num',
260 4443 738 4540 LugdunoMediolanum,
763 4439 982 4512 Mediolano
998 4440 1224 4536 Tergestum
1249 4447 1303 4531 (5)
1311 4441 1343 4527 3'
1371 4438 1488 4532 idque
1508 4444 1582 4518 iter
1596 4462 1724 4518 totum

118 4583 166 4650 in
183 4578 408 4650 continente
419 4579 614 4650 cum'viris
632 4576 775 4673 patriae
788 4599 894 4650 meae
909 4575 1159 4646 nobilioribus
1173 4573 1256 4659 fiet,
1283 4571 1351 4660 qui
1367 4571 1423 4659 (6)
1450 4577 1526 4654 huc
1538 4595 1725 4660 venerunt

903 4734 919 4782 1
