3986 5440
638 631 1134 828 nstmrnnts
1197 717 1529 828 ennom.

1069 961 1100 1030 1.

285 1055 436 1172 *Servus
449 1112 557 1188 tuus,
583 1092 896 1191 oriundusgente
912 1092 1036 1164 nobili
1048 1093 1095 1164 N.
1122 1145 1132 1164 .
1159 1092 1349 1164 ‚ex'urbe
1366 1091 1413 1162 N.
1440 1145 1450 1163 .
1480 1093 1632 1186 peculio
1647 1093 1906 1188 amplissimo

292 1233 434 1326 injuria
455 1233 612 1322 amisso,
640 1251 731 1299 cum
749 1229 941 1298 fortunata
966 1233 1070 1314 (παι)
1102 1227 1270 1298 Caesaris
1295 1226 1642 1320 Maxintpmona
1669 1231 1904 1325 Aegyptum

271 1431 275 1443 .
291 1369 528 1457 nobilitaret,
554 1363 696 1434 scribae
706 1360 862 1432 Muradi
876 1364 951 1453 bey
965 1383 1124 1436 munere
1137 1362 1294 1454 functus
1309 1375 1349 1430 et
1364 1361 1470 1432 hunc
1488 1361 1531 1429 in
1546 1365 1767 1456 Aegyptum
1786 1387 1906 1456 supe·

291 1507 431 1576 riorem
445 1499 677 1595 fugientem,
710 1497 911 1564 comitatus
925 1518 1021 1564 sum.
1073 1495 1149 1564 Nec
1170 1494 1237 1569 diu
1252 1509 1382 1564 tamen
1406 1517 1496 1564 cum
1519 1495 1655 1586 eofui,
1682 1496 1768 1588 sed,
1794 1513 1906 1590 post·

291 1609 654 1734 quamFrancogalli
667 1629 838 1724 regiones
857 1643 1002 1698 nostras
1015 1629 1176 1722 ingressi
1189 1642 1311 1722 erant,
1338 1649 1430 1697 eum
1454 1627 1677 1724 aufugiens,
1708 1631 1907 1725 interpre-

295 1790 335 1844 te
353 1737 399 1842 N.
417 1769 464 1840 N.
485 1764 742 1838 intercedente
767 1763 814 1834 ad
833 1765 1064 1834 fortunatam
1091 1761 1256 1834 Caesaris
1279 1783 1480 1855 personam
1503 1763 1678 1855 perveni,
1703 1788 1826 1856 quam
1854 1767 1904 1836 de

288 1903 493 2003 ,occultatis
512 1898 698 1970 thesauris
719 1911 759 1966 et
778 1875 1017 1992 apparatibus
1039 1889 1211 1990 bellicis,
1234 1917 1440 1987 eorumque
1463 1910 1565 1966 statu
1584 1898 1783 1968 certiorem
1806 1901 1903 1970 feci.

286 2045 399 2130 ‚Tum
417 2041 499 2110 loco
517 2032 679 2126 quodam
698 2031 817 2136 scriba
837 2055 900 2102 me
920 2031 1137 2124 constituit,
1164 2029 1232 2100 ubi
1253 2032 1419 2100 remansi
1438 2031 1627 2124 usquead
1652 2033 1853 2124 proelium
1882 2059 1904 2104 a

296 2177 391 2252 duce
411 2173 569 2244 Klebero
594 2165 851 2240 commissum.
902 2165 947 2270 Id
970 2165 1070 2258 quod
1090 2167 1272 2256 feceram,
1298 2162 1595 2257 considerantes,
1621 2167 1810 2266 Muslemi
1836 2168 1904 2238 do·

173 2323 176 2329 '
296 2337 382 2386 mus
402 2330 507 2380 meas
525 2304 625 2373 iacta
645 2299 859 2392 irruptione
879 2293 1140 2392 diripuerunt,
1169 2319 1402 2394 gynaeoeum
1423 2321 1555 2368 meum
1573 2300 1805 2392 spoliarunt,
1836 2324 1905 2394 pa·

182 2477 186 2488 ·
296 2466 428 2518 truum
446 2459 577 2510 meum
596 2433 816 2503 occiderunt
835 2446 874 2500 et
891 2431 1017 2500 nudus
1041 2453 1209 2527 egressus
1225 2440 1330 2504 sum'..
1372 2433 1532 2504 Posthac
1547 2433 1729 2525 Belliard,
1754 2434 1903 2504 exerci-

297 2597 361 2652 tus
378 2577 471 2664 dux,
499 2593 562 2640 me
578 2589 668 2638 usus
687 2581 745 2636 est
763 2565 899 2657 serua,
926 2565 1025 2659 apud
1044 2587 1160 2658 quem
1181 2567 1306 2636 mansi
1325 2589 1444 2658 usque
1462 2567 1556 2637 dum
1566 2567 1806 2662 Francogalli
1827 2575 1903 2640 Ae-

297 2726 459 2812 gyptum
470 2704 748 2795 relinquerent,
775 2699 1002 2791 quibuscum
1017 2715 1057 2770 et
1069 2720 1141 2794 ego
1155 2699 1264 2770 exivi.
1290 2699 1503 2770 Massiliam
1524 2723 1614 2770 cum
1625 2702 1901 2797 pervenissem,

298 2827 524 2938 adjuverunt
555 2860 617 2907 me
648 2834 747 2904 sicut
776 2833 941 2931 reliquos
967 2833 1191 2929 transfugas.
1243 2833 1315 2903 Sed
1347 2833 1584 2927 perpendens
1613 2857 1677 2906 me
1700 2835 1899 2907 familiam

297 3003 424 3056 meam
440 2972 683 3065 relinquisse,
710 2969 880 3061 quinque
891 2989 1067 3060 personas
1088 2983 1127 3038 et
1141 2967 1270 3060 patrui
1290 2968 1369 3036 mei
1389 2969 1504 3037 occisi
1532 2983 1679 3062 septem
1698 2991 1900 3065 personas,

299 3112 395 3212 quae
413 3124 561 3206 praeter
585 3087 648 3176 me
670 3105 827 3174 nullum
849 3089 1038 3172 habebant
1059 3103 1239 3194 altorem,
1269 3081 1579 3194 stipendiumque
1599 3103 1703 3174 istud
1728 3076 1899 3194 (meum)

300 3249 401 3320 mihi
419 3243 492 3314 soli
513 3241 616 3310 haud
636 3238 869 3328 sufficiebat,
895 3257 939 3306 eo
966 3235 1118 3308 adactus
1139 3257 1259 3326 eram,
1287 3251 1334 3307 ut
1359 3235 1596 3330 imperatoris
1622 3238 1898 3337 interpretem,

300 3359 346 3454 N.
363 3373 598 3452 commodam
615 3377 751 3467 rogans
769 3368 1029 3440 conditionem
1043 3370 1185 3440 litteris
1210 3352 1363 3440 adirem.
1415 3372 1538 3464 Quam
1551 3371 1897 3466 pollicituscpostu·

300 3515 412 3604 lavit,
437 3524 483 3580 nt
499 3529 588 3578 cum
600 3505 788 3599 praefecto
803 3502 1035 3596 Sebastiano,
1062 3503 1204 3574 scribae
1219 3503 1302 3574 vice
1317 3505 1494 3600 fungens,
1520 3505 1785 3598 proficiscerer.
1810 3509 1901 3577 Pro-

182 3699 188 3704 ·
292 3649 422 3725 'fectus
446 3646 576 3736 itaque
598 3637 821 3710 mandatum
845 3637 1018 3708 officium
1043 3653 1240 3710 exsecutus
1271 3661 1369 3708 sum.
1425 3639 1529 3710 Dein
1554 3655 1644 3710 arrte
1671 3655 1748 3709 tres
1775 3661 1901 3712 annos

195 3839 202 3850 .
299 3803 340 3860 et
356 3781 458 3879 quod
478 3775 642 3849 excurrit
660 3751 856 3844 Lutetiam
878 3794 941 3842 ma
960 3773 1128 3865 contuli,
1154 3771 1222 3846 ubi
1243 3795 1469 3865 quocunque
1483 3793 1614 3844 mense
1634 3761 1655 3844 a
1671 3795 1759 3843 mea
1775 3789 1818 3844 et
1834 3799 1902 3869 pa-

300 3907 645 3996 truimei‘fa'milia
670 3907 871 4000 epistolam
898 3891 1061 4001 aecipio',
1093 3929 1169 3999 qua
1196 3907 1389 4000 impensae
1408 3931 1519 3977 causa
1544 3923 1748 4004 argentum
1767 3915 1903 4002 postu·

300 4059 400 4146 lant,
427 4031 528 4120 alibi
544 4027 673 4116 autem
689 4053 768 4112 non
785 4056 858 4134 est,
885 4041 985 4135 quod
999 4039 1188 4112 sufficiat.
1236 4040 1377 4112 Audito
1389 4063 1492 4133 vero,
1518 4041 1811 4136 imperatorem,
1839 4067 1905 4136 ea,

299 4211 396 4286 quae
415 4183 491 4279 ipsi
513 4195 587 4270 est,
613 4174 817 4247 clementia
836 4189 875 4246 et
893 4175 1049 4273 cognita
1066 4189 1132 4246 tua
1151 4175 1427 4267 misericordia,
1454 4190 1493 4244 te
1510 4173 1753 4246 sublevandis
1773 4180 1908 4270 profu·

251 4395 263 4410 ,
299 4345 436 4428 gotum
455 4317 564 4389 rebus
588 4310 830 4408 praefecisse:
860 4331 997 4380 manus
1027 4331 1129 4380 meas
1154 4309 1200 4380 ad
1218 4323 1256 4380 te
1277 4309 1413 4404 atolto',
1445 4323 1491 4380 ut
1511 4305 1683 4378 familiae
1706 4333 1823 4383 meae
1843 4337 1909 4408 pa·
1991 4305 1992 4308 '

251 4535 256 4547 ,
298 4458 395 4533 riter
409 4441 460 4526 acx
472 4447 629 4543 reliquis
644 4445 815 4544 profugis
833 4444 1046 4534 subsidium
1063 4459 1207 4516 statuas
1227 4457 1305 4516 etct
1876 4445 1883 4454 '

1539 4571 1588 4644 N.
1613 4625 1622 4646 .
1648 4626 1660 4647 .
1685 4628 1698 4648 .
