<?xml version="1.0" encoding="UTF-8"?>
<!DOCTYPE html PUBLIC "-//W3C//DTD XHTML 1.0 Transitional//EN"
    "http://www.w3.org/TR/xhtml1/DTD/xhtml1-transitional.dtd">
<html xmlns="http://www.w3.org/1999/xhtml" xml:lang="en" lang="en">
 <head>
  <title>
</title>
<meta http-equiv="Content-Type" content="text/html;charset=utf-8" />
  <meta name='ocr-system' content='tesseract 3.04.00' />
  <meta name='ocr-capabilities' content='ocr_page ocr_carea ocr_par ocr_line ocrx_word'/>
</head>
<body>
  <div class='ocr_page' id='page_1' title='image "./epistolaequaeda00habigoog/epistolaequaeda00habigoog_0036.png"; bbox 0 0 3986 5440; ppageno 0'>
   <div class='ocr_carea' id='block_1_1' title="bbox 861 483 1230 540">
    <p class='ocr_par' dir='ltr' id='par_1_1' title="bbox 861 483 1230 540">
     <span class='ocr_line' id='line_1_1' title="bbox 861 483 1230 540; baseline -0.005 -10"><span class='ocrx_word' id='word_1_1' title='bbox 861 483 1230 540; x_wconf 57' lang='lat' dir='ltr'>mmm</span> 
     </span>
    </p>
   </div>
   <div class='ocr_carea' id='block_1_2' title="bbox 171 657 1927 2117">
    <p class='ocr_par' dir='ltr' id='par_1_2' title="bbox 171 657 1927 2117">
     <span class='ocr_line' id='line_1_2' title="bbox 245 657 1851 774; baseline -0.002 -27"><span class='ocrx_word' id='word_1_2' title='bbox 245 657 457 774; x_wconf 77' lang='lat' dir='ltr'>predictam</span> <span class='ocrx_word' id='word_1_3' title='bbox 477 659 678 765; x_wconf 81' lang='lat' dir='ltr'>epistolam</span> <span class='ocrx_word' id='word_1_4' title='bbox 695 685 822 740; x_wconf 82' lang='lat' dir='ltr'>&#39;errore</span> <span class='ocrx_word' id='word_1_5' title='bbox 841 665 1071 763; x_wconf 78' lang='lat' dir='ltr'>resignasse,</span> <span class='ocrx_word' id='word_1_6' title='bbox 1096 681 1136 740; x_wconf 82' lang='lat' dir='ltr'>at</span> <span class='ocrx_word' id='word_1_7' title='bbox 1155 661 1290 740; x_wconf 84' lang='lat' dir='ltr'>duobis</span> <span class='ocrx_word' id='word_1_8' title='bbox 1314 667 1426 740; x_wconf 85' lang='lat' dir='ltr'>lectis</span> <span class='ocrx_word' id='word_1_9' title='bbox 1442 666 1585 762; x_wconf 77' lang='lat' dir='ltr'>verbis,</span> <span class='ocrx_word' id='word_1_10' title='bbox 1617 663 1718 742; x_wconf 61' lang='lat' dir='ltr'>cum*</span> <span class='ocrx_word' id='word_1_11' title='bbox 1736 667 1851 744; x_wconf 79' lang='lat' dir='ltr'>intel·</span> 
     </span>
     <span class='ocr_line' id='line_1_3' title="bbox 249 799 1852 900; baseline -0.004 -17"><span class='ocrx_word' id='word_1_12' title='bbox 249 813 424 900; x_wconf 85' lang='lat' dir='ltr'>lexisses,</span> <span class='ocrx_word' id='word_1_13' title='bbox 450 830 534 876; x_wconf 84' lang='lat' dir='ltr'>eam</span> <span class='ocrx_word' id='word_1_14' title='bbox 552 827 631 875; x_wconf 89' lang='lat' dir='ltr'>non</span> <span class='ocrx_word' id='word_1_15' title='bbox 652 803 697 873; x_wconf 88' lang='lat' dir='ltr'>ad</span> <span class='ocrx_word' id='word_1_16' title='bbox 717 817 756 872; x_wconf 85' lang='lat' dir='ltr'>te</span> <span class='ocrx_word' id='word_1_17' title='bbox 770 801 986 895; x_wconf 85' lang='lat' dir='ltr'>pertinere,</span> <span class='ocrx_word' id='word_1_18' title='bbox 1012 817 1134 874; x_wconf 84' lang='lat' dir='ltr'>totam</span> <span class='ocrx_word' id='word_1_19' title='bbox 1146 807 1340 898; x_wconf 80' lang='lat' dir='ltr'>perlegere</span> <span class='ocrx_word' id='word_1_20' title='bbox 1365 799 1477 900; x_wconf 81' lang='lat'>(79*)</span> <span class='ocrx_word' id='word_1_21' title='bbox 1503 827 1583 874; x_wconf 88' lang='lat' dir='ltr'>non</span> <span class='ocrx_word' id='word_1_22' title='bbox 1606 803 1852 876; x_wconf 75' lang='lat' dir='ltr'>continuasse</span> 
     </span>
     <span class='ocr_line' id='line_1_4' title="bbox 248 937 1853 1040; baseline -0.002 -25"><span class='ocrx_word' id='word_1_23' title='bbox 248 951 347 1040; x_wconf 79' lang='grc' dir='ltr'>(8ο),</span> <span class='ocrx_word' id='word_1_24' title='bbox 373 959 486 1036; x_wconf 88' lang='lat' dir='ltr'>atque</span> <span class='ocrx_word' id='word_1_25' title='bbox 504 943 578 1012; x_wconf 91' lang='lat' dir='ltr'>hoc</span> <span class='ocrx_word' id='word_1_26' title='bbox 596 937 698 1040; x_wconf 83' lang='lat' dir='ltr'>mihi</span> <span class='ocrx_word' id='word_1_27' title='bbox 712 937 940 1009; x_wconf 77' lang='lat' dir='ltr'>asseverasti.</span> <span class='ocrx_word' id='word_1_28' title='bbox 993 937 1095 1008; x_wconf 83' lang='lat' dir='ltr'>Scias</span> <span class='ocrx_word' id='word_1_29' title='bbox 1110 959 1196 1008; x_wconf 84' lang='lat' dir='ltr'>vero</span> <span class='ocrx_word' id='word_1_30' title='bbox 1221 943 1314 1036; x_wconf 75' lang='lat'>(37),</span> <span class='ocrx_word' id='word_1_31' title='bbox 1342 937 1383 1008; x_wconf 89' lang='lat' dir='ltr'>id</span> <span class='ocrx_word' id='word_1_32' title='bbox 1401 938 1551 1008; x_wconf 87' lang='lat' dir='ltr'>nullius</span> <span class='ocrx_word' id='word_1_33' title='bbox 1574 961 1654 1010; x_wconf 84' lang='lat' dir='ltr'>esse</span> <span class='ocrx_word' id='word_1_34' title='bbox 1671 961 1853 1012; x_wconf 84' lang='lat' dir='ltr'>momen·</span> 
     </span>
     <span class='ocr_line' id='line_1_5' title="bbox 246 1071 1854 1174; baseline -0.003 -22"><span class='ocrx_word' id='word_1_35' title='bbox 246 1081 300 1174; x_wconf 77' lang='lat' dir='ltr'>ti,</span> <span class='ocrx_word' id='word_1_36' title='bbox 349 1103 440 1151; x_wconf 90' lang='lat' dir='ltr'>nam</span> <span class='ocrx_word' id='word_1_37' title='bbox 459 1077 679 1172; x_wconf 84' lang='lat' dir='ltr'>quicunque</span> <span class='ocrx_word' id='word_1_38' title='bbox 702 1073 816 1164; x_wconf 82' lang='lat' dir='ltr'>vivit,</span> <span class='ocrx_word' id='word_1_39' title='bbox 850 1071 961 1142; x_wconf 86' lang='lat' dir='ltr'>certis</span> <span class='ocrx_word' id='word_1_40' title='bbox 983 1073 1217 1168; x_wconf 84' lang='lat' dir='ltr'>temporibus</span> <span class='ocrx_word' id='word_1_41' title='bbox 1242 1073 1287 1143; x_wconf 89' lang='lat' dir='ltr'>in</span> <span class='ocrx_word' id='word_1_42' title='bbox 1313 1073 1449 1144; x_wconf 90' lang='lat' dir='ltr'>multis</span> <span class='ocrx_word' id='word_1_43' title='bbox 1469 1073 1586 1144; x_wconf 90' lang='lat' dir='ltr'>homo</span> <span class='ocrx_word' id='word_1_44' title='bbox 1608 1089 1716 1146; x_wconf 86' lang='lat' dir='ltr'>errat.</span> <span class='ocrx_word' id='word_1_45' title='bbox 1769 1077 1854 1171; x_wconf 83' lang='lat' dir='ltr'>Qua</span> 
     </span>
     <span class='ocr_line' id='line_1_6' title="bbox 248 1199 1855 1308; baseline -0.005 -18"><span class='ocrx_word' id='word_1_46' title='bbox 248 1217 294 1290; x_wconf 88' lang='lat' dir='ltr'>in</span> <span class='ocrx_word' id='word_1_47' title='bbox 309 1209 355 1288; x_wconf 63' lang='lat' dir='ltr'>&#39;re</span> <span class='ocrx_word' id='word_1_48' title='bbox 374 1214 475 1308; x_wconf 90' lang='lat' dir='ltr'>quod</span> <span class='ocrx_word' id='word_1_49' title='bbox 492 1201 613 1283; x_wconf 81' lang='lat' dir='ltr'>errore</span> <span class='ocrx_word' id='word_1_50' title='bbox 632 1211 693 1303; x_wconf 88' lang='lat' dir='ltr'>fit,</span> <span class='ocrx_word' id='word_1_51' title='bbox 711 1199 921 1300; x_wconf 60' lang='lat' dir='ltr'>‘nunquam</span> <span class='ocrx_word' id='word_1_52' title='bbox 939 1207 1049 1279; x_wconf 88' lang='lat' dir='ltr'>nobis</span> <span class='ocrx_word' id='word_1_53' title='bbox 1069 1210 1277 1281; x_wconf 82' lang='lat' dir='ltr'>molestum</span> <span class='ocrx_word' id='word_1_54' title='bbox 1297 1223 1374 1300; x_wconf 82' lang='lat' dir='ltr'>est3</span> <span class='ocrx_word' id='word_1_55' title='bbox 1426 1209 1468 1278; x_wconf 87' lang='lat' dir='ltr'>id</span> <span class='ocrx_word' id='word_1_56' title='bbox 1486 1207 1594 1300; x_wconf 86' lang='lat' dir='ltr'>quod</span> <span class='ocrx_word' id='word_1_57' title='bbox 1607 1201 1652 1278; x_wconf 82' lang='lat' dir='ltr'>&#39;te</span> <span class='ocrx_word' id='word_1_58' title='bbox 1673 1208 1771 1280; x_wconf 89' lang='lat' dir='ltr'>scire</span> <span class='ocrx_word' id='word_1_59' title='bbox 1789 1235 1855 1282; x_wconf 81' lang='lat' dir='ltr'>ro-</span> 
     </span>
     <span class='ocr_line' id='line_1_7' title="bbox 248 1342 1927 1446; baseline -0.005 -20"><span class='ocrx_word' id='word_1_60' title='bbox 248 1353 319 1426; x_wconf 86' lang='lat' dir='ltr'>lui.</span> <span class='ocrx_word' id='word_1_61' title='bbox 370 1348 527 1446; x_wconf 83' lang='lat' dir='ltr'>Rogasti</span> <span class='ocrx_word' id='word_1_62' title='bbox 552 1348 632 1435; x_wconf 90' lang='grc' dir='ltr'>(8ο)</span> <span class='ocrx_word' id='word_1_63' title='bbox 658 1358 703 1413; x_wconf 91' lang='lat' dir='ltr'>ut</span> <span class='ocrx_word' id='word_1_64' title='bbox 723 1343 797 1414; x_wconf 91' lang='lat' dir='ltr'>tibi</span> <span class='ocrx_word' id='word_1_65' title='bbox 819 1365 1044 1436; x_wconf 89' lang='lat' dir='ltr'>responsum</span> <span class='ocrx_word' id='word_1_66' title='bbox 1067 1343 1219 1437; x_wconf 86' lang='lat' dir='ltr'>tlemus,</span> <span class='ocrx_word' id='word_1_67' title='bbox 1245 1343 1398 1414; x_wconf 86' lang='lat' dir='ltr'>etiamsi</span> <span class='ocrx_word' id='word_1_68' title='bbox 1422 1342 1519 1414; x_wconf 86' lang='lat' dir='ltr'>duae</span> <span class='ocrx_word' id='word_1_69' title='bbox 1543 1359 1698 1414; x_wconf 87' lang='lat' dir='ltr'>tantum</span> <span class='ocrx_word' id='word_1_70' title='bbox 1724 1363 1856 1418; x_wconf 87' lang='lat' dir='ltr'>essent</span> <span class='ocrx_word' id='word_1_71' title='bbox 1917 1393 1927 1406; x_wconf 90' lang='lat'><strong>·</strong></span> 
     </span>
     <span class='ocr_line' id='line_1_8' title="bbox 250 1477 1855 1580; baseline -0.006 -22"><span class='ocrx_word' id='word_1_72' title='bbox 250 1487 394 1580; x_wconf 88' lang='lat' dir='ltr'>lineae,</span> <span class='ocrx_word' id='word_1_73' title='bbox 420 1505 511 1576; x_wconf 82' lang='lat' dir='ltr'>quas</span> <span class='ocrx_word' id='word_1_74' title='bbox 525 1502 593 1575; x_wconf 88' lang='lat' dir='ltr'>pro</span> <span class='ocrx_word' id='word_1_75' title='bbox 615 1479 783 1548; x_wconf 84' lang='lat' dir='ltr'>amuleto</span> <span class='ocrx_word' id='word_1_76' title='bbox 801 1479 977 1569; x_wconf 73' lang='lat' dir='ltr'>haberes,</span> <span class='ocrx_word' id='word_1_77' title='bbox 1002 1492 1040 1550; x_wconf 90' lang='lat' dir='ltr'>et</span> <span class='ocrx_word' id='word_1_78' title='bbox 1058 1479 1115 1550; x_wconf 90' lang='lat' dir='ltr'>mi</span> <span class='ocrx_word' id='word_1_79' title='bbox 1133 1477 1273 1573; x_wconf 82' lang='lat' dir='ltr'>amice,</span> <span class='ocrx_word' id='word_1_80' title='bbox 1300 1501 1423 1572; x_wconf 85' lang='lat' dir='ltr'>quum</span> <span class='ocrx_word' id='word_1_81' title='bbox 1448 1481 1529 1566; x_wconf 82' lang='lat'>(81)</span> <span class='ocrx_word' id='word_1_82' title='bbox 1555 1479 1743 1574; x_wconf 85' lang='lat' dir='ltr'>inceperis</span> <span class='ocrx_word' id='word_1_83' title='bbox 1770 1486 1855 1570; x_wconf 86' lang='grc' dir='ltr'>(8ο)</span> 
     </span>
     <span class='ocr_line' id='line_1_9' title="bbox 249 1613 1855 1711; baseline -0.004 -16"><span class='ocrx_word' id='word_1_84' title='bbox 249 1618 525 1696; x_wconf 85' lang='lat' dir='ltr'>commercium</span> <span class='ocrx_word' id='word_1_85' title='bbox 539 1613 753 1686; x_wconf 83' lang='lat' dir='ltr'>literarium</span> <span class='ocrx_word' id='word_1_86' title='bbox 766 1613 966 1684; x_wconf 90' lang='lat' dir='ltr'>nobiscum</span> <span class='ocrx_word' id='word_1_87' title='bbox 981 1614 1114 1705; x_wconf 87' lang='lat' dir='ltr'>colere,</span> <span class='ocrx_word' id='word_1_88' title='bbox 1137 1613 1296 1684; x_wconf 87' lang='lat' dir='ltr'>omnino</span> <span class='ocrx_word' id='word_1_89' title='bbox 1316 1629 1491 1684; x_wconf 87' lang='lat' dir='ltr'>nostrum</span> <span class='ocrx_word' id='word_1_90' title='bbox 1509 1629 1585 1706; x_wconf 91' lang='lat' dir='ltr'>est,</span> <span class='ocrx_word' id='word_1_91' title='bbox 1610 1615 1684 1686; x_wconf 92' lang='lat' dir='ltr'>tibi</span> <span class='ocrx_word' id='word_1_92' title='bbox 1700 1639 1855 1711; x_wconf 90' lang='lat' dir='ltr'>respon-</span> 
     </span>
     <span class='ocr_line' id='line_1_10' title="bbox 171 1747 1857 1844; baseline -0.005 -13"><span class='ocrx_word' id='word_1_93' title='bbox 171 1798 174 1806; x_wconf 46' lang='lat'><em>1</em></span> <span class='ocrx_word' id='word_1_94' title='bbox 250 1759 348 1830; x_wconf 87' lang='lat' dir='ltr'>dere.</span> <span class='ocrx_word' id='word_1_95' title='bbox 398 1753 497 1824; x_wconf 87' lang='lat' dir='ltr'>Nam</span> <span class='ocrx_word' id='word_1_96' title='bbox 520 1749 762 1844; x_wconf 82' lang='lat' dir='ltr'>proverbium</span> <span class='ocrx_word' id='word_1_97' title='bbox 786 1748 974 1818; x_wconf 90' lang='lat' dir='ltr'>usitatum</span> <span class='ocrx_word' id='word_1_98' title='bbox 988 1748 1111 1820; x_wconf 73' lang='lat' dir='ltr'>&#39;dicitz</span> <span class='ocrx_word' id='word_1_99' title='bbox 1155 1749 1232 1843; x_wconf 84' lang='lat' dir='ltr'>Qui</span> <span class='ocrx_word' id='word_1_100' title='bbox 1257 1747 1305 1819; x_wconf 82' lang='lat' dir='ltr'>ad</span> <span class='ocrx_word' id='word_1_101' title='bbox 1323 1763 1363 1820; x_wconf 91' lang='lat' dir='ltr'>te</span> <span class='ocrx_word' id='word_1_102' title='bbox 1382 1749 1527 1840; x_wconf 90' lang='lat' dir='ltr'>tendit,</span> <span class='ocrx_word' id='word_1_103' title='bbox 1560 1750 1654 1822; x_wconf 92' lang='lat' dir='ltr'>huic</span> <span class='ocrx_word' id='word_1_104' title='bbox 1680 1747 1857 1824; x_wconf 88' lang='lat' dir='ltr'>debitum</span> 
     </span>
     <span class='ocr_line' id='line_1_11' title="bbox 250 1880 1857 1984; baseline -0.002 -19"><span class='ocrx_word' id='word_1_105' title='bbox 250 1915 367 1965; x_wconf 86' lang='lat' dir='ltr'>suum</span> <span class='ocrx_word' id='word_1_106' title='bbox 384 1889 548 1984; x_wconf 86' lang='lat' dir='ltr'>praesta!</span> <span class='ocrx_word' id='word_1_107' title='bbox 599 1885 789 1956; x_wconf 84' lang='lat' dir='ltr'>Praeclare</span> <span class='ocrx_word' id='word_1_108' title='bbox 808 1884 953 1975; x_wconf 85' lang='lat' dir='ltr'>fecisti,</span> <span class='ocrx_word' id='word_1_109' title='bbox 979 1883 1081 1976; x_wconf 89' lang='lat' dir='ltr'>quod</span> <span class='ocrx_word' id='word_1_110' title='bbox 1091 1883 1267 1954; x_wconf 77' lang='lat' dir='ltr'>nostrum</span> <span class='ocrx_word' id='word_1_111' title='bbox 1282 1905 1431 1955; x_wconf 86' lang='lat' dir='ltr'>memor</span> <span class='ocrx_word' id='word_1_112' title='bbox 1451 1885 1560 1956; x_wconf 89' lang='lat' dir='ltr'>nobis</span> <span class='ocrx_word' id='word_1_113' title='bbox 1580 1880 1783 1980; x_wconf 86' lang='lat' dir='ltr'>scripsisti,</span> <span class='ocrx_word' id='word_1_114' title='bbox 1809 1913 1857 1961; x_wconf 87' lang='lat' dir='ltr'>ac</span> 
     </span>
     <span class='ocr_line' id='line_1_12' title="bbox 251 1999 1856 2117; baseline -0.003 -16"><span class='ocrx_word' id='word_1_115' title='bbox 251 2025 388 2102; x_wconf 85' lang='lat' dir='ltr'>deinde</span> <span class='ocrx_word' id='word_1_116' title='bbox 406 2020 688 2094; x_wconf 76' lang='lat' dir='ltr'>humanitatem</span> <span class='ocrx_word' id='word_1_117' title='bbox 706 2035 815 2090; x_wconf 88' lang='lat' dir='ltr'>tuam</span> <span class='ocrx_word' id='word_1_118' title='bbox 832 2041 876 2089; x_wconf 89' lang='lat' dir='ltr'>eo</span> <span class='ocrx_word' id='word_1_119' title='bbox 896 2018 1112 2111; x_wconf 86' lang='lat' dir='ltr'>declarasti,</span> <span class='ocrx_word' id='word_1_120' title='bbox 1139 1999 1241 2112; x_wconf 87' lang='lat' dir='ltr'>quod</span> <span class='ocrx_word' id='word_1_121' title='bbox 1255 2020 1363 2090; x_wconf 88' lang='lat' dir='ltr'>nobis</span> <span class='ocrx_word' id='word_1_122' title='bbox 1380 2020 1574 2112; x_wconf 91' lang='lat' dir='ltr'>obtulisti,</span> <span class='ocrx_word' id='word_1_123' title='bbox 1600 2022 1856 2117; x_wconf 85' lang='lat' dir='ltr'>quodcunque</span> 
     </span>
    </p>
   </div>
   <div class='ocr_carea' id='block_1_3' title="bbox 251 2153 1981 2256">
    <p class='ocr_par' dir='ltr' id='par_1_3' title="bbox 251 2153 1981 2256">
     <span class='ocr_line' id='line_1_13' title="bbox 251 2153 1981 2256; baseline -0.004 -20"><span class='ocrx_word' id='word_1_124' title='bbox 251 2163 360 2236; x_wconf 85' lang='lat' dir='ltr'>nobis</span> <span class='ocrx_word' id='word_1_125' title='bbox 382 2185 403 2232; x_wconf 89' lang='lat' dir='ltr'>e</span> <span class='ocrx_word' id='word_1_126' title='bbox 420 2158 576 2256; x_wconf 83' lang='lat' dir='ltr'>regione</span> <span class='ocrx_word' id='word_1_127' title='bbox 595 2170 661 2227; x_wconf 88' lang='lat' dir='ltr'>tua</span> <span class='ocrx_word' id='word_1_128' title='bbox 683 2153 939 2228; x_wconf 89' lang='lat' dir='ltr'>necessarium</span> <span class='ocrx_word' id='word_1_129' title='bbox 959 2153 1027 2224; x_wconf 81' lang='lat' dir='ltr'>sit:</span> <span class='ocrx_word' id='word_1_130' title='bbox 1056 2177 1172 2246; x_wconf 86' lang='lat' dir='ltr'>quam</span> <span class='ocrx_word' id='word_1_131' title='bbox 1193 2169 1302 2224; x_wconf 88' lang='lat' dir='ltr'>tuam</span> <span class='ocrx_word' id='word_1_132' title='bbox 1320 2155 1462 2225; x_wconf 84' lang='lat' dir='ltr'>idcirco</span> <span class='ocrx_word' id='word_1_133' title='bbox 1479 2156 1760 2252; x_wconf 74' lang='lat' dir='ltr'>benignitatem</span> <span class='ocrx_word' id='word_1_134' title='bbox 1772 2162 1856 2230; x_wconf 88' lang='lat' dir='ltr'>lau·</span> <span class='ocrx_word' id='word_1_135' title='bbox 1973 2189 1981 2205; x_wconf 92' lang='lat'><strong>·</strong></span> 
     </span>
    </p>
   </div>
   <div class='ocr_carea' id='block_1_4' title="bbox 249 2289 1965 2806">
    <p class='ocr_par' dir='ltr' id='par_1_4' title="bbox 249 2289 1965 2806">
     <span class='ocr_line' id='line_1_14' title="bbox 249 2289 1856 2382; baseline -0.005 -9"><span class='ocrx_word' id='word_1_136' title='bbox 249 2303 394 2373; x_wconf 87' lang='lat' dir='ltr'>damus.</span> <span class='ocrx_word' id='word_1_137' title='bbox 445 2295 548 2364; x_wconf 89' lang='lat' dir='ltr'>Deus</span> <span class='ocrx_word' id='word_1_138' title='bbox 561 2307 676 2363; x_wconf 90' lang='lat' dir='ltr'>tuum</span> <span class='ocrx_word' id='word_1_139' title='bbox 688 2290 796 2360; x_wconf 87' lang='lat' dir='ltr'>nobis</span> <span class='ocrx_word' id='word_1_140' title='bbox 820 2304 1014 2358; x_wconf 87' lang='lat' dir='ltr'>conservet</span> <span class='ocrx_word' id='word_1_141' title='bbox 1032 2293 1217 2358; x_wconf 90' lang='lat' dir='ltr'>amorem!</span> <span class='ocrx_word' id='word_1_142' title='bbox 1243 2291 1296 2360; x_wconf 86' lang='lat' dir='ltr'>Ac</span> <span class='ocrx_word' id='word_1_143' title='bbox 1309 2289 1452 2382; x_wconf 88' lang='lat' dir='ltr'>siquid</span> <span class='ocrx_word' id='word_1_144' title='bbox 1463 2291 1572 2360; x_wconf 87' lang='lat' dir='ltr'>nobis</span> <span class='ocrx_word' id='word_1_145' title='bbox 1596 2295 1856 2366; x_wconf 87' lang='lat' dir='ltr'>necessarium</span> 
     </span>
     <span class='ocr_line' id='line_1_15' title="bbox 251 2419 1855 2516; baseline -0.006 -9"><span class='ocrx_word' id='word_1_146' title='bbox 251 2435 378 2508; x_wconf 86' lang='lat' dir='ltr'>visum</span> <span class='ocrx_word' id='word_1_147' title='bbox 392 2427 527 2516; x_wconf 89' lang='lat' dir='ltr'>fuerit,</span> <span class='ocrx_word' id='word_1_148' title='bbox 549 2425 596 2496; x_wconf 83' lang='lat' dir='ltr'>id</span> <span class='ocrx_word' id='word_1_149' title='bbox 611 2419 687 2493; x_wconf 82' lang='lat' dir='ltr'>tibi</span> <span class='ocrx_word' id='word_1_150' title='bbox 701 2446 770 2493; x_wconf 92' lang='lat' dir='ltr'>suo</span> <span class='ocrx_word' id='word_1_151' title='bbox 785 2438 957 2516; x_wconf 85' lang='lat' dir='ltr'>tempore</span> <span class='ocrx_word' id='word_1_152' title='bbox 970 2421 1236 2497; x_wconf 88' lang='lat' dir='ltr'>indicabimus.</span> <span class='ocrx_word' id='word_1_153' title='bbox 1286 2425 1362 2494; x_wconf 90' lang='lat' dir='ltr'>Nos</span> <span class='ocrx_word' id='word_1_154' title='bbox 1383 2448 1488 2496; x_wconf 90' lang='lat' dir='ltr'>nunc</span> <span class='ocrx_word' id='word_1_155' title='bbox 1504 2427 1669 2503; x_wconf 86' lang='lat' dir='ltr'>Liburni</span> <span class='ocrx_word' id='word_1_156' title='bbox 1687 2452 1855 2501; x_wconf 89' lang='lat' dir='ltr'>commo-</span> 
     </span>
     <span class='ocr_line' id='line_1_16' title="bbox 251 2545 1965 2656; baseline -0.003 -13"><span class='ocrx_word' id='word_1_157' title='bbox 251 2589 380 2644; x_wconf 86' lang='lat' dir='ltr'>ramur</span> <span class='ocrx_word' id='word_1_158' title='bbox 386 2589 399 2656; x_wconf 77' lang='lat'>3</span> <span class='ocrx_word' id='word_1_159' title='bbox 437 2560 537 2652; x_wconf 86' lang='lat' dir='ltr'>quod</span> <span class='ocrx_word' id='word_1_160' title='bbox 554 2559 589 2628; x_wconf 92' lang='lat' dir='ltr'>si</span> <span class='ocrx_word' id='word_1_161' title='bbox 609 2557 732 2654; x_wconf 87' lang='lat' dir='ltr'>igitur</span> <span class='ocrx_word' id='word_1_162' title='bbox 758 2556 904 2650; x_wconf 88' lang='lat' dir='ltr'>aliquid</span> <span class='ocrx_word' id='word_1_163' title='bbox 920 2558 993 2627; x_wconf 90' lang='lat' dir='ltr'>hac</span> <span class='ocrx_word' id='word_1_164' title='bbox 1011 2579 1057 2629; x_wconf 84' lang='lat' dir='ltr'>ex</span> <span class='ocrx_word' id='word_1_165' title='bbox 1074 2557 1230 2656; x_wconf 83' lang='lat' dir='ltr'>regione</span> <span class='ocrx_word' id='word_1_166' title='bbox 1246 2559 1320 2628; x_wconf 90' lang='lat' dir='ltr'>tibi</span> <span class='ocrx_word' id='word_1_167' title='bbox 1342 2561 1598 2632; x_wconf 83' lang='lat' dir='ltr'>necessarium</span> <span class='ocrx_word' id='word_1_168' title='bbox 1616 2563 1751 2656; x_wconf 88' lang='lat' dir='ltr'>fuerit,</span> <span class='ocrx_word' id='word_1_169' title='bbox 1777 2566 1856 2638; x_wconf 92' lang='lat' dir='ltr'>hoc</span> <span class='ocrx_word' id='word_1_170' title='bbox 1962 2545 1965 2558; x_wconf 58' lang='grc'><strong>’</strong></span> 
     </span>
     <span class='ocr_line' id='line_1_17' title="bbox 253 2675 1858 2806; baseline -0.002 -30"><span class='ocrx_word' id='word_1_171' title='bbox 253 2701 363 2777; x_wconf 91' lang='lat' dir='ltr'>nobis</span> <span class='ocrx_word' id='word_1_172' title='bbox 384 2675 510 2768; x_wconf 83' lang='lat' dir='ltr'>indica</span> <span class='ocrx_word' id='word_1_173' title='bbox 517 2720 530 2787; x_wconf 76' lang='lat'>3</span> <span class='ocrx_word' id='word_1_174' title='bbox 555 2715 757 2804; x_wconf 81' lang='lat' dir='ltr'>nunquam</span> <span class='ocrx_word' id='word_1_175' title='bbox 773 2694 854 2780; x_wconf 90' lang='lat' dir='ltr'>ulla</span> <span class='ocrx_word' id='word_1_176' title='bbox 870 2691 1102 2806; x_wconf 75' lang='lat' dir='ltr'>intermissio</span> <span class='ocrx_word' id='word_1_177' title='bbox 1119 2695 1231 2788; x_wconf 88' lang='lat' dir='ltr'>culpa</span> <span class='ocrx_word' id='word_1_178' title='bbox 1246 2709 1375 2766; x_wconf 87' lang='lat' dir='ltr'>nostra</span> <span class='ocrx_word' id='word_1_179' title='bbox 1386 2694 1536 2766; x_wconf 87' lang='lat' dir='ltr'>accidit.</span> <span class='ocrx_word' id='word_1_180' title='bbox 1588 2700 1858 2773; x_wconf 85' lang='lat' dir='ltr'>Creaturarum</span> 
     </span>
    </p>
   </div>
   <div class='ocr_carea' id='block_1_5' title="bbox 251 2827 1857 3056">
    <p class='ocr_par' dir='ltr' id='par_1_5' title="bbox 251 2827 1857 3056">
     <span class='ocr_line' id='line_1_18' title="bbox 251 2827 1857 2936; baseline -0.024 3"><span class='ocrx_word' id='word_1_181' title='bbox 251 2834 467 2914; x_wconf 62' lang='lat' dir='ltr'>nmium</span> <span class='ocrx_word' id='word_1_182' title='bbox 483 2851 699 2925; x_wconf 61' lang='lat' dir='ltr'>precamur,</span> <span class='ocrx_word' id='word_1_183' title='bbox 725 2841 770 2897; x_wconf 91' lang='lat' dir='ltr'>ut</span> <span class='ocrx_word' id='word_1_184' title='bbox 790 2827 929 2898; x_wconf 89' lang='lat' dir='ltr'>haecce</span> <span class='ocrx_word' id='word_1_185' title='bbox 950 2827 1110 2922; x_wconf 86' lang='lat' dir='ltr'>epistola</span> <span class='ocrx_word' id='word_1_186' title='bbox 1133 2831 1282 2901; x_wconf 85' lang='lat' dir='ltr'>salvum</span> <span class='ocrx_word' id='word_1_187' title='bbox 1297 2845 1337 2900; x_wconf 90' lang='lat' dir='ltr'>te</span> <span class='ocrx_word' id='word_1_188' title='bbox 1360 2846 1400 2901; x_wconf 87' lang='lat' dir='ltr'>et</span> <span class='ocrx_word' id='word_1_189' title='bbox 1420 2831 1657 2906; x_wconf 88' lang='lat' dir='ltr'>incolumem</span> <span class='ocrx_word' id='word_1_190' title='bbox 1677 2836 1857 2936; x_wconf 83' lang='lat' dir='ltr'>attingat.</span> 
     </span>
     <span class='ocr_line' id='line_1_19' title="bbox 253 2962 973 3056; baseline -0.039 -6"><span class='ocrx_word' id='word_1_191' title='bbox 253 2975 362 3050; x_wconf 83' lang='lat' dir='ltr'>Salve</span> <span class='ocrx_word' id='word_1_192' title='bbox 373 2983 412 3040; x_wconf 88' lang='lat' dir='ltr'>et</span> <span class='ocrx_word' id='word_1_193' title='bbox 425 2965 520 3037; x_wconf 84' lang='lat' dir='ltr'>felix</span> <span class='ocrx_word' id='word_1_194' title='bbox 539 2962 589 3034; x_wconf 87' lang='lat' dir='ltr'>sis</span> <span class='ocrx_word' id='word_1_195' title='bbox 611 2963 655 3034; x_wconf 90' lang='lat' dir='ltr'>in</span> <span class='ocrx_word' id='word_1_196' title='bbox 676 2963 973 3056; x_wconf 84' lang='lat' dir='ltr'>sempiternum!</span> 
     </span>
    </p>
   </div>
   <div class='ocr_carea' id='block_1_6' title="bbox 319 3097 1777 3332">
    <p class='ocr_par' dir='ltr' id='par_1_6' title="bbox 319 3097 1777 3332">
     <span class='ocr_line' id='line_1_20' title="bbox 319 3097 1356 3192; baseline -0.006 -16"><span class='ocrx_word' id='word_1_197' title='bbox 319 3115 323 3122; x_wconf 90' lang='lat'>&#39;</span> <span class='ocrx_word' id='word_1_198' title='bbox 355 3103 430 3176; x_wconf 88' lang='lat' dir='ltr'>Die</span> <span class='ocrx_word' id='word_1_199' title='bbox 443 3102 506 3172; x_wconf 81' lang='grc' dir='ltr'>Ν.</span> <span class='ocrx_word' id='word_1_200' title='bbox 515 3097 728 3192; x_wconf 86' lang='lat' dir='ltr'>Februarii,</span> <span class='ocrx_word' id='word_1_201' title='bbox 760 3097 926 3172; x_wconf 89' lang='lat' dir='ltr'>Liburni</span> <span class='ocrx_word' id='word_1_202' title='bbox 940 3119 1043 3170; x_wconf 87' lang='lat' dir='ltr'>anno</span> <span class='ocrx_word' id='word_1_203' title='bbox 1060 3099 1356 3172; x_wconf 80' lang='lat' dir='ltr'>MDCCCXVII.</span> 
     </span>
     <span class='ocr_line' id='line_1_21' title="bbox 1289 3235 1777 3332; baseline 0.016 -28"><span class='ocrx_word' id='word_1_204' title='bbox 1289 3235 1440 3332; x_wconf 82' lang='lat' dir='ltr'>Alhag</span> <span class='ocrx_word' id='word_1_205' title='bbox 1467 3237 1777 3312; x_wconf 83' lang='lat' dir='ltr'>Muhammed.</span> 
     </span>
    </p>
   </div>
   <div class='ocr_carea' id='block_1_7' title="bbox 860 3449 1257 3486">
    <p class='ocr_par' dir='ltr' id='par_1_7' title="bbox 860 3449 1257 3486">
     <span class='ocr_line' id='line_1_22' title="bbox 860 3449 1257 3486; baseline -0.008 -7"><span class='ocrx_word' id='word_1_206' title='bbox 860 3449 1257 3486; x_wconf 63' lang='lat' dir='ltr'>au*—</span> 
     </span>
    </p>
   </div>
   <div class='ocr_carea' id='block_1_8' title="bbox 379 3719 1736 4124">
    <p class='ocr_par' dir='ltr' id='par_1_8' title="bbox 379 3719 1736 4124">
     <span class='ocr_line' id='line_1_23' title="bbox 1008 3719 1091 3810; baseline -0.012 -3"><span class='ocrx_word' id='word_1_207' title='bbox 1008 3719 1091 3810; x_wconf 84' lang='lat' dir='ltr'>XI.</span> 
     </span>
     <span class='ocr_line' id='line_1_24' title="bbox 406 3857 1736 3991; baseline 0.017 -41"><span class='ocrx_word' id='word_1_208' title='bbox 406 3935 418 3950; x_wconf 91' lang='lat'><strong><em>.</em></strong></span> <span class='ocrx_word' id='word_1_209' title='bbox 453 3861 563 3950; x_wconf 89' lang='lat' dir='ltr'>Viro</span> <span class='ocrx_word' id='word_1_210' title='bbox 592 3857 849 3982; x_wconf 79' lang='lat' dir='ltr'>dignissimo</span> <span class='ocrx_word' id='word_1_211' title='bbox 880 3871 1022 3954; x_wconf 89' lang='lat' dir='ltr'>amico</span> <span class='ocrx_word' id='word_1_212' title='bbox 1055 3871 1309 3980; x_wconf 84' lang='lat' dir='ltr'>carissimo,</span> <span class='ocrx_word' id='word_1_213' title='bbox 1337 3871 1530 3965; x_wconf 87' lang='lat' dir='ltr'>Domino</span> <span class='ocrx_word' id='word_1_214' title='bbox 1560 3881 1653 3991; x_wconf 79' lang='lat'>(32)</span> <span class='ocrx_word' id='word_1_215' title='bbox 1681 3883 1736 3972; x_wconf 89' lang='lat' dir='ltr'>N.</span> 
     </span>
     <span class='ocr_line' id='line_1_25' title="bbox 379 4005 1636 4124; baseline 0.019 -35"><span class='ocrx_word' id='word_1_216' title='bbox 379 4007 382 4014; x_wconf 84' lang='lat'>&#39;</span> <span class='ocrx_word' id='word_1_217' title='bbox 569 4005 701 4122; x_wconf 82' lang='lat' dir='ltr'>quem</span> <span class='ocrx_word' id='word_1_218' title='bbox 728 4013 779 4098; x_wconf 89' lang='lat' dir='ltr'>D.</span> <span class='ocrx_word' id='word_1_219' title='bbox 809 4009 860 4099; x_wconf 91' lang='grc' dir='ltr'>Ο.</span> <span class='ocrx_word' id='word_1_220' title='bbox 889 4015 946 4100; x_wconf 89' lang='grc' dir='ltr'>Μ.</span> <span class='ocrx_word' id='word_1_221' title='bbox 973 4019 1026 4104; x_wconf 88' lang='lat' dir='ltr'>iu</span> <span class='ocrx_word' id='word_1_222' title='bbox 1051 4020 1355 4124; x_wconf 83' lang='lat' dir='ltr'>incolumitate</span> <span class='ocrx_word' id='word_1_223' title='bbox 1384 4033 1636 4114; x_wconf 81' lang='lat' dir='ltr'>conservet!</span> 
     </span>
    </p>
   </div>
   <div class='ocr_carea' id='block_1_9' title="bbox 243 4223 1860 4652">
    <p class='ocr_par' dir='ltr' id='par_1_9' title="bbox 243 4223 1860 4652">
     <span class='ocr_line' id='line_1_26' title="bbox 249 4223 1860 4360; baseline 0.017 -28"><span class='ocrx_word' id='word_1_224' title='bbox 249 4223 297 4332; x_wconf 82' lang='lat' dir='ltr'>P</span> <span class='ocrx_word' id='word_1_225' title='bbox 295 4277 354 4336; x_wconf 86' lang='lat' dir='ltr'>ost</span> <span class='ocrx_word' id='word_1_226' title='bbox 372 4263 605 4338; x_wconf 81' lang='lat' dir='ltr'>declaratum</span> <span class='ocrx_word' id='word_1_227' title='bbox 614 4264 855 4344; x_wconf 72' lang='lat' dir='ltr'>,desiderium</span> <span class='ocrx_word' id='word_1_228' title='bbox 873 4269 1089 4342; x_wconf 82' lang='lat' dir='ltr'>maximum</span> <span class='ocrx_word' id='word_1_229' title='bbox 1116 4273 1268 4346; x_wconf 84' lang='lat' dir='ltr'>lumina</span> <span class='ocrx_word' id='word_1_230' title='bbox 1288 4273 1403 4348; x_wconf 78' lang='lat' dir='ltr'>faciei</span> <span class='ocrx_word' id='word_1_231' title='bbox 1422 4293 1511 4350; x_wconf 86' lang='lat' dir='ltr'>tuae</span> <span class='ocrx_word' id='word_1_232' title='bbox 1527 4281 1658 4354; x_wconf 70' lang='lat' dir='ltr'>beatoe</span> <span class='ocrx_word' id='word_1_233' title='bbox 1676 4286 1788 4356; x_wconf 87' lang='lat' dir='ltr'>omni</span> <span class='ocrx_word' id='word_1_234' title='bbox 1810 4287 1860 4360; x_wconf 91' lang='lat' dir='ltr'>in</span> 
     </span>
     <span class='ocr_line' id='line_1_27' title="bbox 246 4389 1860 4515; baseline 0.014 -44"><span class='ocrx_word' id='word_1_235' title='bbox 246 4397 432 4472; x_wconf 83' lang='lat' dir='ltr'>felicitate</span> <span class='ocrx_word' id='word_1_236' title='bbox 442 4415 482 4472; x_wconf 89' lang='lat' dir='ltr'>et</span> <span class='ocrx_word' id='word_1_237' title='bbox 492 4400 759 4504; x_wconf 84' lang='lat' dir='ltr'>incolumitate</span> <span class='ocrx_word' id='word_1_238' title='bbox 774 4401 946 4498; x_wconf 85' lang='lat' dir='ltr'>videndi,</span> <span class='ocrx_word' id='word_1_239' title='bbox 971 4405 1046 4484; x_wconf 85' lang='lat' dir='ltr'>hoc</span> <span class='ocrx_word' id='word_1_240' title='bbox 1056 4407 1148 4502; x_wconf 90' lang='lat' dir='ltr'>tibi,</span> <span class='ocrx_word' id='word_1_241' title='bbox 1174 4389 1468 4484; x_wconf 81' lang='lat' dir='ltr'>honoratissime</span> <span class='ocrx_word' id='word_1_242' title='bbox 1480 4417 1723 4512; x_wconf 87' lang='lat' dir='ltr'>nuntiamus,</span> <span class='ocrx_word' id='word_1_243' title='bbox 1750 4425 1860 4515; x_wconf 81' lang='lat' dir='ltr'>quod</span> 
     </span>
     <span class='ocr_line' id='line_1_28' title="bbox 243 4533 1857 4652; baseline 0.012 -42"><span class='ocrx_word' id='word_1_244' title='bbox 243 4533 479 4610; x_wconf 75' lang='lat' dir='ltr'>faustiuimo</span> <span class='ocrx_word' id='word_1_245' title='bbox 500 4549 613 4630; x_wconf 83' lang='lat' dir='ltr'>atque</span> <span class='ocrx_word' id='word_1_246' title='bbox 633 4537 845 4616; x_wconf 86' lang='lat' dir='ltr'>laetissimo</span> <span class='ocrx_word' id='word_1_247' title='bbox 859 4553 1031 4638; x_wconf 86' lang='lat' dir='ltr'>tempore</span> <span class='ocrx_word' id='word_1_248' title='bbox 1051 4566 1136 4616; x_wconf 86' lang='lat' dir='ltr'>cara</span> <span class='ocrx_word' id='word_1_249' title='bbox 1153 4558 1221 4644; x_wconf 83' lang='lat' dir='ltr'>tua</span> <span class='ocrx_word' id='word_1_250' title='bbox 1234 4561 1274 4620; x_wconf 85' lang='lat' dir='ltr'>et</span> <span class='ocrx_word' id='word_1_251' title='bbox 1288 4547 1489 4622; x_wconf 85' lang='lat' dir='ltr'>aestimata</span> <span class='ocrx_word' id='word_1_252' title='bbox 1501 4550 1682 4648; x_wconf 83' lang='lat' dir='ltr'>epistola,</span> <span class='ocrx_word' id='word_1_253' title='bbox 1706 4556 1857 4652; x_wconf 77' lang='lat' dir='ltr'>scripta</span> 
     </span>
    </p>
   </div>
   <div class='ocr_carea' id='block_1_10' title="bbox 0 0 2014 5440">
    <p class='ocr_par' dir='ltr' id='par_1_10' title="bbox 0 0 2014 5440">
     <span class='ocr_line' id='line_1_29' title="bbox 0 0 2014 5440; baseline 0 0"><span class='ocrx_word' id='word_1_254' title='bbox 0 0 2014 5440; x_wconf 95' lang='lat' dir='ltr'> </span> 
     </span>
    </p>
   </div>
   <div class='ocr_carea' id='block_1_11' title="bbox 1988 1401 1997 2733">
    <p class='ocr_par' dir='ltr' id='par_1_11' title="bbox 1988 1401 1997 2733">
     <span class='ocr_line' id='line_1_30' title="bbox 1988 1401 1997 2733; baseline 0 0"><span class='ocrx_word' id='word_1_255' title='bbox 1988 1401 1997 2733; x_wconf 95' lang='lat' dir='ltr'> </span> 
     </span>
    </p>
   </div>
  </div>
 </body>
</html>
