3986 5440
682 451 793 492 *w
843 445 893 522 ‘³3
945 445 1053 492 “a

68 655 141 730 que
150 632 194 707 ln
207 646 359 730 tempus
374 618 494 706 sitim
508 645 617 704 tuam
629 628 876 724 superstitem
896 627 997 700 mihi
1011 645 1218 704 conservet.
1272 620 1459 724 Secundo,
1487 607 1673 710 utollicia

66 755 148 838 rues
167 766 241 838 tibi
263 769 436 858 offeram,
463 763 676 838 amicitiam
700 775 809 835 tuam
837 763 1065 858 implorans,
1098 779 1163 855 ut,
1195 765 1228 835 si
1250 765 1433 855 volueris,
1467 753 1672 868 animoque

62 919 128 973 tuo
144 901 390 974 nobilissimo
405 899 610 994 placuerit,
642 898 809 996 negotiis
837 901 934 990 tuis,
965 913 1007 970 et
1028 897 1225 990 omnibus,
1268 919 1516 993 quaecunque
1541 922 1670 980 curato

60 1020 151 1132 opus
173 1035 341 1126 fuerint,
366 1049 430 1104 me
448 1037 612 1106 honores
635 1031 681 1106 ut'
702 1034 827 1126 capite
846 1048 885 1104 et
907 1035 1019 1104 oculo
1037 1037 1126 1128 (91)
1147 1033 1202 1104 eis
1227 1035 1460 1128 exequendis
1477 1039 1671 1135 studeam,
1785 1015 1788 1024 Ι

57 1191 292 1264 omnemque
320 1171 541 1262 impendem
566 1189 720 1262 operam
750 1167 870 1240 favori
899 1181 967 1238 tuo
1000 1168 1284 1258 commerendo,
1313 1191 1388 1262 quo
1424 1167 1601 1270 augescat
1631 1159 1670 1248 ei

58 1309 201 1378 crescat
223 1271 384 1376 mutuus
414 1305 517 1375 inter
544 1325 614 1374 nos
642 1306 764 1373 amor!
816 1303 926 1374 Nihil
951 1303 1057 1374 aliud
1079 1304 1160 1398 (84)
1187 1303 1330 1396 habeo,
1367 1305 1469 1397 quod
1492 1311 1667 1384 manIbus

55 1443 133 1512 tuis
153 1441 362 1512 carissimis
382 1461 610 1532 proponam,
637 1437 715 1508 nisi
734 1435 1011 1530 precationem,
1038 1452 1084 1505 ut
1103 1437 1241 1508 amoris
1263 1453 1353 1508 tuae
1377 1439 1527 1512 litterae
1546 1449 1668 1516 conti·

54 1592 245 1668 nuentur,
272 1597 361 1646 cum
381 1573 531 1644 nuntiis
556 1574 603 1644 de
625 1571 873 1668 integerrima
894 1586 961 1641 tua
980 1573 1105 1640 salute
1128 1572 1424 1666 iustissimisque
1440 1597 1567 1648 rerum
1586 1596 1666 1651 tuu-

54 1733 140 1782 rurn
157 1725 285 1781 status
302 1709 563 1781 relationibus,
613 1705 804 1778 Dominus
827 1722 866 1777 te
888 1705 1095 1800 custodiat,
1121 1683 1315 1798 vitamque
1327 1722 1435 1778 tuam
1448 1713 1554 1782 omni
1565 1715 1664 1786 bono

51 1849 282 1942 prdlonget!
335 1845 410 1938 Qui
424 1859 545 1937 prote
558 1843 751 1934 precatur¹
786 1879 790 1886 ·
850 1875 855 1884 =
1133 1841 1371 1912 iohannes
1410 1840 1456 1916 N.

83 2014 88 2022 ·
206 1979 285 2050 Die
297 1969 384 2046 xvi
397 1977 539 2046 mensis
551 1974 662 2044 Iunii
676 1973 770 2042 anni
792 1971 1088 2044 Mocccxvn.
1114 1971 1276 2044 Liburni
1290 1975 1395 2046 urbe.

785 2567 903 2656 XIII.

253 2817 365 2905 Viro
396 2816 673 2936 dignissimo,
725 2811 849 2902 fratri
880 2821 1124 2923 carusimo,
1171 2823 1325 2932 capitis
1351 2828 1495 2912 nostri
1525 2857 1660 2918 coro-

365 2994 489 3102 nae,
538 2989 909 3102 aestimatissimo‚
982 2997 1322 3088 honoratissimo
1350 2987 1561 3096 'Damno
1605 3012 1659 3101 N.

371 3179 497 3292 cujus
529 3179 663 3266 vitam
691 3179 807 3300 Deus
838 3177 890 3266 0.
920 3177 977 3264 Μ.
1005 3185 1230 3297 proroget!

49 3433 218 3541 oblatis
237 3465 338 3537 totis
356 3489 425 3560 pro
452 3464 531 3570 uita
548 3479 616 3536 tua
638 3464 959 3558 splendidissimis
983 3482 1022 3538 et
1044 3464 1338 3539 salutationibus
1359 3469 1586 3566 largissimis
1615 3499 1657 3548 ac

47 3602 310 3702 plenissimis,
337 3600 607 3714 desideriisque
626 3601 749 3671 anisni
761 3599 1055 3695 impensissimis
1070 3601 1221 3672 lumina
1236 3601 1351 3676 faciei
1366 3619 1454 3680 tuae
1467 3607 1658 3679 serenissi-

47 3765 110 3814 ma
128 3737 306 3811 omniin
325 3738 424 3809 bono
441 3749 480 3808 et
494 3737 763 3808 incolumitate
785 3736 956 3828 videndi,
982 3735 1086 3830 quod
1110 3737 1287 3810 manibus
1306 3739 1385 3810 tuis
1407 3740 1657 3811 nobilissimis

46 3872 344 3972 proponendum
361 3889 475 3965 teque
491 3873 595 3944 haud
617 3873 792 3968 ignorare
805 3874 901 3964 volo,
928 3886 1002 3964 est,
1029 3873 1131 3966 quod
1147 3889 1236 3945 ante
1249 3875 1354 3944 hunc
1371 3873 1473 3940 diem
1487 3874 1533 3940 ad
1549 3883 1587 3939 te
1598 3870 1657 3942 ds-

19 4057 21 4062 ·
48 4011 173 4082 dimus
195 4007 402 4101 epistolam
423 4007 513 4078 satis
531 4007 704 4103 longam,
731 4007 796 4079 cui
818 4007 965 4080 inclusa
981 4009 1060 4079 Iuit
1074 4009 1166 4100 alia,
1193 4007 1353 4078 nomine
1366 4019 1435 4072 tuo
1456 4001 1658 4096 inscripta,

46 4169 66 4216 a
83 4145 267 4242 patruele
281 4165 367 4212 meo
384 4143 571 4239 Chawaga
582 4141 628 4214 N.
655 4193 661 4200 -
678 4141 877 4215 Damiatae
888 4157 1074 4233 versante,
1100 4165 1197 4235 quae
1212 4143 1293 4212 Deo
1305 4139 1457 4207 sbvente
1469 4133 1516 4202 ad
1530 4150 1567 4204 te
1581 4136 1659 4222 iam

41 4277 311 4375 pervenerint,
337 4293 580 4371 quasquetn,
607 4279 714 4349 omni
723 4279 826 4350 bono
836 4279 1026 4376 gaudens,
1051 4277 1201 4346 videris.
1252 4273 1302 4340 Et
1318 4251 1528 4356 proximea
1541 4271 1659 4339 man'u

42 4429 109 4486 tua
120 4413 171 4488 ad
191 4435 269 4484 nos
283 4413 477 4506 perveniet
489 4435 712 4508 responsum
728 4403 818 4486 cum
832 4409 1122 4504 jucundissimis
1138 4407 1186 4478 de
1206 4419 1246 4472 te
1256 4387 1427 4480 nuntiis,
1455 4409 1501 4466 ut
1517 4401 1563 4472 de
1577 4425 1660 4471 cara

19 4527 20 4538 ἵ
41 4565 107 4622 tua
123 4553 263 4622 solute
274 4547 396 4618 simus
415 4547 549 4620 securi.
623 4575 627 4583 ·
