3986 5440
926 497 1272 578 mam,

1063 679 1211 769 v..

467 879 646 986 ,Amico
678 882 921 988 carusimo,
959 877 1320 986 honoratissimo,
1371 880 1759 999 praestantissimo,
1815 873 1907 966 do-

551 1064 758 1170 ctissimo,
789 1061 1018 1182 Chavagae
1045 1063 1100 1152 Ν.
1127 1062 1186 1150 Ν.
1210 1088 1353 1184 quem.
1369 1059 1486 1148 Deus
1510 1059 1634 1204 ott
1660 1079 1908 1151 conservet.

289 1305 335 1414 P
335 1367 509 1446 ostquam
524 1365 735 1436 maximum
754 1345 794 1436 te
812 1365 966 1438 videndi
987 1363 1218 1442 desiderium
1237 1363 1440 1436 contestati
1455 1360 1623 1467 plurima
1637 1363 1761 1434 salute
1778 1375 1818 1432 te
1830 1358 1907 1430 im·

290 1489 534 1586 pertivimus,
561 1514 697 1570 notum
712 1501 942 1594 tefacimus,
969 1503 1070 1595 quod
1093 1499 1254 1593 epistole
1280 1515 1348 1570 tua
1370 1497 1686 1589 aestimatissima,
1696 1479 1906 1576 ,data'xttt

292 1619 528 1723 Decembris,
554 1632 601 1704 ad
627 1657 695 1706 nos
724 1637 917 1730 pervenit,
950 1625 1334 1726 incolumitatemque
1367 1625 1492 1724 tu'am,
1533 1634 1614 1702 Deo
1654 1631 1785 1704 laudes
1810 1631 1903 1702 dan·

292 1767 367 1846 tes,
395 1765 654 1856 cognovimus.
705 1771 971 1876 Semperlltene
990 1787 1030 1842 te
1048 1772 1201 1842 habeas!
1253 1765 1431 1838 Nonnisi
1450 1769 1553 1838 Deus
1569 1766 1753 1863 gaudium
1767 1789 1901 1838 meum

291 1909 481 1980 quantum
497 1900 618 1978 ,fuerit
641 1923 881 1999 compertum
902 1907 1032 1997 habet,
1072 1905 1254 1998 quoniam
1273 1905 1447 1998 exlongo
1462 1875 1634 1995 tempore
1650 1903 1807 1972 nullum
1825 1917 1904 1972 ate

290 2045 514 2118 responsum
528 2035 713 2131 videram,
765 2041 925 2134 ideoque
947 2063 1096 2134 semper
1120 2041 1156 2112 ei
1177 2037 1343 2136 agendae
1359 2055 1451 2110 sunt
1468 2037 1725 2132 amplissimae
1745 2031 1901 2132 gratiae.

290 2159 378 2230 Vidi
399 2167 516 2240 etiam
533 2173 681 2264 omnia,
703 2197 799 2266 quae
820 2176 866 2246 de
886 2175 1164 2246 rebusbellum
1183 2157 1443 2270 spectantibus
1466 2173 1566 2242 milri
1589 2171 1796 2263 nuntiasti,
1827 2194 1901 2242 nec

219 2285 223 2294 ’
289 2317 445 2388 possum
469 2307 566 2396 quin
591 2289 784 2400 optimum
808 2310 913 2379 Deus
943 2311 1016 2378 tibi
1044 2309 1228 2380 retribuat
1254 2329 1479 2400 comprecer.
1530 2308 1630 2378 Fiat!
1657 2312 1738 2406 (43)
1791 2305 1901 2400 Quod

289 2432 336 2502 ad
361 2437 510 2522 flabella
539 2453 578 2510 et
606 2441 779 2537 pastillos
812 2444 1008 2514 odorantes
1039 2447 1120 2541 (44)
1160 2465 1270 2534 quos,
1308 2465 1413 2512 arne
1432 2441 1504 2512 tibt
1525 2443 1677 2533 missos,
1711 2440 1901 2534 scripsisti

248 2621 249 2627 ,
290 2551 537 2643 mercatorem
555 2575 689 2666 illum,
718 2577 781 2646 cui
800 2577 872 2646 ista
889 2577 1104 2668 tradideris,
1129 2577 1290 2646 vendere
1312 2601 1392 2648 non
1414 2597 1541 2671 posse,
1566 2577 1625 2647 fac
1649 2597 1709 2646 eos
1724 2576 1898 2648 remittas

290 2701 414 2773 oblata
431 2708 557 2802 aliqua
569 2712 775 2792 occasione.
802 2714 1050 2806 Dactylorum
1069 2711 1212 2801 videbo,
1239 2713 1389 2806 quando
1410 2712 1629 2782 advenerint
1650 2725 1774 2801 nares,
1800 2733 1899 2782 num

289 2833 362 2908 tibi
393 2840 546 2914 mittere
571 2813 892 2939 possim'dottum
918 2848 1080 2918 duorum
1103 2835 1426 2938 centenariorum,
1453 2847 1561 2934 cujus
1594 2869 1684 2916 cum
1717 2863 1899 2917 mercato·

287 2995 375 3042 rum
400 2982 622 3050 vestratium
645 2983 772 3074 aliquo
806 2982 1026 3052 societatem
1048 2983 1197 3054 faciam.
1248 2984 1356 3052 Mare
1384 3005 1489 3052 nunc
1509 2981 1638 3050 divina
1651 2979 1789 3077 gaudet
1813 3005 1898 3074 pro-

287 3109 473 3228 tectione,
507 3090 716 3232 quotidie'
706 3131 852 3188 mtrant
872 3141 1003 3207 nates,
1047 3133 1085 3188 et
1105 3119 1289 3214 Anglicus
1317 3117 1513 3210 copiarum
1539 3117 1735 3186 navalium
1746 3133 1904 3209 praetor.

288 3265 378 3313 cum
398 3262 478 3316 tota
500 3225 616 3318 classe
640 3274 708 3320 sua
727 3252 792 3320 hic
814 3267 1069 3326 commoratur
1093 3251 1139 3322 ad
1159 3253 1347 3322 attxilium
1362 3251 1560 3321 Germanis
1583 3241 1800 3343 ferendum,
1828 3254 1899 3345 qui

287 3379 443 3468 quidem
464 3381 569 3451 hisce
590 3383 751 3454 diebus
741 3407 783 3454 m
804 3385 928 3475 Italia,
955 3385 1110 3481 regione
1129 3389 1308 3477 Veronae,
1328 3387 1523 3456 fortunam
1543 3387 1734 3457 adversam
1749 3389 1900 3480 experti

285 3529 376 3582 sunt
377 3517 640 3609 Romamque
653 3521 775 3589 adhuc
788 3523 901 3614 plane
915 3541 994 3588 non
1007 3520 1227 3615 tetigerunt
1253 3525 1302 3590 At
1318 3522 1477 3596 coelitus
1493 3521 1546 3590 eis
1568 3521 1757 3628 auxilium
1775 3523 1898 3598 venito
1960 3590 1966 3607 ,

284 3663 322 3720 et
345 3650 453 3720 eredo
468 3651 571 3722 brevi
591 3653 757 3724 tineent.
782 3655 962 3724 Venetiae
984 3671 1074 3725 sunt
1088 3657 1256 3728 obsessae
1269 3679 1290 3726 a
1304 3656 1538 3727 continentis
1554 3658 1688 3746 latere,
1716 3656 1771 3725 ita
1783 3661 1899 3746 utnig

283 3784 367 3853 hrl
357 3803 499 3857 mtrare
515 3801 639 3880 queat.
677 3789 824 3858 Milites
841 3790 1088 3885 Franccoatn
1102 3813 1162 3864 eas
1180 3805 1328 3864 tenent.
1358 3791 1619 3860 Necessarium
1632 3805 1699 3879 est,
1733 3793 1897 3866 uttama

259 3961 263 3976 ι
284 3938 562 4017 expugnentur.
588 3925 649 3992 Tu
662 3945 747 3992 vero
760 3917 817 3994 lac
832 3925 949 3994 sciam
965 3947 1147 3996 verumne
1161 3927 1222 4018 sit,
1239 3923 1424 3996 exercitus
1439 3925 1714 3994 foederatorum
1727 3928 1898 4015 trajecis-

281 4075 321 4123 se
341 4057 540 4148 Rhenum,
567 4081 658 4128 nam
672 4080 736 4126 vos
768 4058 845 4128 illis
872 4059 1066 4154 propiores
1091 4061 1192 4156 estis,
1218 4083 1333 4152 quam
1357 4080 1444 4151 nos,
1470 4059 1764 4155 assignaretis,
1799 4063 1895 4154 quid

244 4237 250 4242 -
282 4185 365 4264 illic
386 4211 547 4289 geratur.
599 4192 791 4263 Dominus
807 4194 978 4264 Achmed
990 4195 1219 4290 Algeriensis
1239 4195 1428 4290 profectus
1445 4208 1502 4264 est
1523 4193 1566 4262 in
1579 4191 1894 4288 insulamJazyn-

194 4402 197 4406 .
282 4321 412 4394 thum
440 4353 537 4420 quae
557 4345 614 4400 est
626 4329 696 4399 sub
716 4327 861 4400 drtrone
873 4331 1102 4426 Anvlorum,
1130 4347 1174 4401 ut
1190 4353 1326 4400 navem
1336 4331 1418 4400 oleo
1433 4343 1610 4398 onustam
1636 4333 1717 4426 (45)
1743 4351 1789 4399 eo
1805 4353 1895 4401 con·

282 4457 405 4529 ducat.
455 4463 665 4536 Dictitabat
691 4464 865 4556 quidem,
899 4489 939 4535 se
964 4467 1035 4536 tibi
1058 4467 1309 4558 scripturum,
1336 4487 1468 4535 verum
1487 4465 1643 4534 nullum
1662 4461 1701 4532 ei
1724 4465 1893 4562 contigit

233 4641 236 4646 -
282 4593 416 4665 otium.
468 4599 657 4670 Dominus
671 4600 781 4698 Hagg
802 4603 933 4693 Omar,
961 4624 1050 4672 cum
1071 4603 1215 4678 litteras
1234 4617 1316 4671 tuas
1341 4601 1377 4670 ei
1395 4597 1659 4687 ostendissem,
1686 4597 1896 4671 schemen
