3986 5440
910 469 1028 512 wo·
1073 473 1119 528 10
1168 477 1278 516 ms

441 655 576 727 Annus
596 649 721 726 omnis
739 649 889 724 rediens
901 652 1002 724 bona
1013 637 1241 727 te'oliendat
1253 653 1449 728 fruentem
1465 649 1698 744 valetudine,
1726 665 1908 724 etnovns

376 875 378 882 ι
442 789 518 861 iste
537 813 659 861 annus
678 788 713 858 si
732 787 898 858 voluerit
917 789 1040 880 Deus,
1074 789 1185 861 uobis
1206 789 1362 862 strabis
1375 790 1524 862 faustus
1542 783 1770 858 sitacielix.
1822 787 1908 858 Hoc

375 903 379 908 ¹
423 924 606 1021 ¹cilicias,
636 939 894 998 creaturarum
911 923 1093 1014 Domine!
1144 927 1201 996 Eo
1225 939 1443 1017 momento,
1469 931 1546 1016 quo
1573 923 1641 994 has
1666 889 1821 994 litteras
1847 920 1910 990 ab·

442 1059 557 1154 solvi,
589 1059 807 1151 nuntiatur,
840 1079 946 1155 reges
976 1059 1185 1132 foederatos
1210 1059 1408 1130 Lutetiam
1434 1058 1615 1149 intrasse,
1641 1051 1910 1152 Napoleonem

373 1205 377 1212 '
442 1195 583 1268 throno
597 1197 818 1288 removisse,
843 1193 1098 1288 omnibusque
1111 1194 1336 1266 hominibus
1350 1195 1430 1268 suis
1443 1193 1482 1266 ei
1501 1190 1808 1284 adversantibus,
1836 1207 1908 1262 sta·

441 1329 582 1423 tuisse,
607 1347 653 1402 ut
669 1333 712 1402 in
732 1331 903 1402 insulam
926 1331 1064 1425 ilvam,
1097 1343 1282 1422 tanquam
1302 1328 1547 1422 inexilium,
1572 1331 1784 1426 relegetur,
1817 1349 1907 1426 rege
1952 1378 1957 1389 ,‚

444 1487 468 1536 e
485 1464 659 1558 priorum
675 1465 919 1538 dominorum
940 1466 1059 1560 stirpe
1078 1459 1254 1562 legitima
1274 1465 1505 1558 constituto,
1531 1479 1572 1535 et
1591 1465 1668 1534 alia
1679 1459 1906 1552 hujusmodi

445 1597 647 1672 mirabilia.
697 1603 775 1672 Ista
790 1625 880 1672 sane
897 1575 1052 1698 magna,
1078 1601 1136 1670 mi
1163 1601 1295 1692 irater,
1321 1614 1379 1670 est
1403 1601 1619 1692 conversio,
1645 1599 1757 1690 cujus
1778 1597 1906 1692 in'po·

446 1735 630 1828 pulorum
640 1735 802 1808 historia
816 1759 1007 1830 nusquam
1019 1735 1208 1830 reperitur
1222 1732 1450 1806 similitudo.
1500 1734 1684 1806 Venetiae
1706 1757 1800 1806 cum
1820 1731 1908 1804 aliis
1954 1810 1959 1825 ,

418 1867 596 1940 Μίδης
616 1871 775 1944 traditae
796 1887 907 1967 sunt,
935 1873 979 1944 in
1003 1871 1142 1965 quibus
1170 1890 1352 1968 magnam
1382 1870 1643 1964 sclopetorum
1672 1873 1774 1964 (52),
1817 1889 1906 1939 cum
1954 1858 1961 1875 '

446 2005 589 2078 verutis
616 2007 696 2080 suis
719 2012 800 2104 (53)
832 2023 872 2081 et
896 2012 1054 2103 pulvere
1077 2003 1279 2078 tormentis
1304 2019 1483 2102 apparato
1521 2007 1769 2094 (canaceto)
1784 2025 1791 2034 ·
1809 2009 1905 2099 (59),-

446 2139 688 2237 aliarumque
712 2167 842 2218 rerum
862 2144 1014 2242 copiam
1032 2143 1277 2214 invenenmt.

937 2371 1262 2400 unt*-

1058 2677 1136 2774 vl.

500 2865 610 2956 Viro
653 2849 912 2986 dignissimo
922 2933 940 2986 ,
982 2869 1117 2964 fratri
1144 2874 1367 2966 carissimo
1384 2859 1386 2866 ’
1401 2874 1629 2998 Chavagoe
1657 2873 1716 2970 Ν.
1778 2903 1910 2992 quem

537 3111 553 3128 1
611 3050 730 3140 Deus
772 3059 1024 3144 conservet!

169 3399 177 3414 .
231 3320 238 3327 “
300 3281 407 3392 Post
437 3321 611 3396 multum
637 3328 869 3400 desiderium
892 3343 931 3398 te
953 3327 1152 3400 certiorem
1169 3289 1352 3424 facimus,
1376 3333 1494 3406 frater
1527 3331 1741 3426 carissime,
1768 3336 1910 3431 episto·

255 3493 268 3502 „
300 3461 381 3532 lam
405 3471 526 3533 ‚tuam
550 3463 899 3536 aestimatissimam
925 3463 1052 3535 datam
1080 3487 1183 3537 nono
1210 3469 1272 3538 die
1296 3469 1395 3557 Maji
1419 3470 1466 3541 ad
1492 3493 1561 3540 nos
1589 3470 1809 3565 pervenisse
1823 3475 1911 3558 ¹De-

169 3607 171 3610 ’
299 3567 444 3690 umque
456 3595 566 3670 0.Μ.
580 3600 698 3670 simul
712 3599 758 3670 ob
773 3598 1032 3672 valetudinem
1050 3615 1158 3670 tuam
1177 3601 1414 3676 incolumem
1433 3605 1585 3678 laudavi
1607 3603 1722 3702 atque
1738 3631 1910 3702 compre·

269 3827 274 3834 ι
300 3749 406 3808 catus
421 3753 519 3826 sum,
546 3749 591 3803 ut
602 3734 657 3804 ita
670 3757 819 3828 semper
830 3735 903 3806 tibi
918 3735 1015 3806 bene
1027 3757 1106 3806 esse
1119 3733 1283 3811 audiam.
1334 3739 1413 3812 Nec
1427 3741 1528 3812 mihi
1541 3742 1635 3813 titio
1650 3759 1771 3824 vertas
1788 3745 1909 3818 velim
1987 3735 1988 3746 ¹

300 3868 588 3942 cunctationem
600 3870 644 3939 in
657 3892 835 3966 responso
850 3872 896 3942 ad
912 3872 1059 3953 litteras
1074 3887 1159 3964 tuas
1177 3869 1379 3944 mittendo.
1409 3875 1506 3946 Nam
1525 3876 1647 3946 tribus
1657 3893 1745 3971 post
1758 3879 1909 3952 litteras

300 4021 383 4078 tuas
401 4015 571 4100 acceptas
594 4002 909 4099 diebus'epistola
927 4029 990 4076 me
1009 4007 1168 4104 pertigit
1180 4007 1331 4103 Tripoli
1355 4009 1582 4112 occidentali
1609 4002 1694 4083 data
1716 4037 1738 4084 a
1767 4018 1907 4101 sororis

301 4163 407 4215 meae
424 4142 522 4233 filio,
550 4159 589 4214 et
608 4121 723 4212 allata
739 4165 807 4237 per
820 4143 1053 4232 Liburnum,
1080 4165 1178 4234 quae
1194 4143 1316 4215 filiam
1335 4169 1462 4217 meam
1485 4147 1780 4241 amatissimam,
1806 4153 1910 4226 Mar·

299 4297 459 4372 ganam,
483 4280 683 4350 oculorum
697 4299 871 4348 meorum
894 4279 1037 4369 lucem,
1063 4293 1254 4348 mortuam
1270 4301 1369 4371 csse,
1396 4281 1496 4352 mihi
1509 4281 1759 4355 indicabatur.
1811 4285 1909 4380 Scri·

199 4503 202 4513 .
298 4409 358 4481 bit
371 4411 458 4503 ille,
490 4415 661 4504 quotidie
676 4439 761 4486 eam
775 4415 959 4508 plorasse,
990 4430 1029 4485 et
1044 4413 1203 4485 nomine
1216 4435 1301 4486 meo
1316 4437 1379 4486 me
1389 4433 1587 4490 vocantem
1601 4419 1802 4491 clamasse:
1828 4423 1908 4515 „Ol

125 4529 129 4538 ’
193 4631 197 4642 Ι
298 4543 380 4641 „mi
398 4543 590 4618 carissime
603 4553 726 4644 pater!
752 4549 930 4622 vivamus
942 4549 1067 4624 adhuc
1083 4550 1201 4622 donec
1214 4549 1476 4622 taciem-tuam
1486 4553 1695 4648 adspiciam
1721 4559 1805 4652 (54)
1833 4581 1910 4630 nec
