3986 5440
865 473 1242 554 =svmmvm·

277 673 447 772 restrum
464 707 625 786 uterque
635 677 750 762 hodie
769 687 932 792 gaudeat
947 689 1072 759 salute
1087 701 1127 758 et
1138 684 1358 760 valetudine
1371 681 1571 757 incolumi.
1623 681 1797 758 Salutem
1806 679 1890 760 'tibi

193 829 200 846 .
263 833 510 948 :quppeeatur
530 829 677 906 amicus
695 839 798 896 tuus.
849 824 895 895 N.
947 823 1142 918 Scriptum
1156 821 1219 893 die
1237 821 1363 892 XXIX
1388 819 1486 911 Maji
1512 818 1606 890 anni
1630 819 1889 893 MDCCCXII

281 965 568 1068 Tergestiurbe.

770 1215 774 1226 ,
898 1197 1254 1224 ——---—-·-
1351 1183 1365 1200 ¹

1043 1493 1117 1581 m·
1205 1473 1207 1483 ,

479 1703 622 1790 Fratri
652 1699 887 1800 carissime,
919 1693 1186 1798 doctissime,
1214 1694 1605 1806 praestantissimo,
1636 1689 1886 1806 Chawagae

594 1848 686 1959 (15)
715 1847 907 1932 Domino
937 1871 1037 1926 meo
1066 1841 1119 1926 N.
1148 1871 1280 1955 quern
1306 1841 1424 1958 Deus
1454 1839 1506 1928 Ο.
1539 1839 1606 1944 Μ.Ι
1627 1844 1885 1928 conservet!

134 2245 145 2270 ,
270 2135 382 2244 Post
394 2171 565 2250 multum
581 2162 810 2256 desiderium
822 2159 960 2242 faciem
974 2159 1244 2234 tuam·beatatn
1257 2155 1661 2251 videndi,nuntiamus
1675 2158 1759 2249 tibi,
1771 2157 1886 2253 quod,

279 2321 506 2404 quapropter
521 2304 624 2371 Deus
644 2298 746 2368 mihi
759 2297 985 2386 celebratur,
1011 2295 1162 2362 litterae
1179 2309 1267 2362 tuae
1285 2293 1499 2382 carissimae
1513 2294 1644 2364 ambae
1665 2294 1711 2363 ad
1723 2263 1789 2362 me
1804 2314 1889 2386 per·

278 2442 455 2530 venerint
470 2457 538 2529 per
555 2433 759 2502 dominum
768 2431 834 2520 N.,
862 2429 929 2519 qui
945 2449 1007 2497 me
1020 2427 1265 2522 interrogavit
1281 2431 1360 2514 (21)
1386 2431 1558 2520 meisque
1570 2429 1690 2520 ipsius
1706 2427 1886 2495 manibus
1915 2513 1920 2522 ¹

206 2585 211 2594 '
278 2599 338 2648 eas
353 2561 543 2674 tradidit(
561 2567 741 2658 Quarum
753 2559 820 2632 'ubi
832 2539 1012 2657 legissem
1027 2575 1067 2630 et
1078 2560 1354 2632 intellexissem
1369 2563 1531 2655 pulchre
1557 2577 1596 2631 et
1617 2565 1811 2658 eleganter
1831 2531 1889 2629 di·
1910 2563 1914 2568 '

246 2699 249 2704 ’
277 2727 338 2784 eta
365 2709 443 2795 (22)
470 2699 653 2772 nonnulli
673 2697 918 2792 popularium
938 2715 1130 2787 meorum,
1164 2717 1327 2786 quorum
1347 2720 1433 2766 sum
1457 2696 1759 2786 contubernalis,
1783 2709 1889 2788 post-

276 2857 394 2940 quam
413 2855 452 2909 et
476 2837 552 2930 ipsi
571 2859 633 2934 'eas
655 2832 839 2911 vidissent
859 2847 897 2900 et
917 2830 1117 2925 legissent,
1144 2845 1281 2908 mutuo
1300 2831 1574 2902 familiaritatis
1600 2854 1675 2902 usu
1696 2854 1737 2902 se
1752 2846 1886 2900 tecum

271 2969 501 3068 conjunctos
519 2995 601 3041 esse
616 2973 831 3040 voluerunt.
844 2967 1097 3061 Quatnobrem
1117 2987 1250 3034 eorum
1268 2965 1351 3056 uni,
1370 2964 1437 3034 cui
1450 2968 1576 3036 multa
1596 2967 1642 3036 de
1659 2981 1698 3035 te
1714 2973 1887 3036 narrare-

274 3119 374 3201 rarn‘,
401 3100 585 3195 concessi,
612 3120 658 3174 ut
685 3101 891 3206 duashuic
909 3101 1092 3193 epistolae
1114 3099 1235 3169 lineas
1255 3097 1444 3186 adjiceret.
1497 3099 1606 3193 Quod
1624 3121 1711 3170 vero
1733 3097 1886 3168 dictum

272 3265 409 3335 tuum,
426 3239 642 3328 carissime,
667 3253 707 3306 te
729 3234 872 3304 veredis
893 3233 1058 3326 publicis
1092 3239 1172 3320 (ro)
1199 3233 1344 3302 litteras
1366 3233 1411 3304 ad
1432 3255 1494 3304 me
1514 3233 1679 3324 dedisse,
1703 3232 1799 3301 scias
1823 3253 1886 3302 ve-

273 3383 357 3473 lim,
385 3373 488 3470 quod
504 3374 607 3441 abeo
623 3370 730 3460 inde,
745 3391 820 3460 quo
839 3369 918 3438 huc
940 3368 1095 3460 perveni
1110 3367 1183 3457 die,
1206 3368 1382 3438 omnibus
1403 3366 1701 3438 hebdomadibus
1716 3368 1887 3438 sciscita·
1966 3394 1972 3400 ·

214 3506 216 3514 ’
272 3533 359 3590 tum
370 3512 438 3604 ivi,
465 3529 563 3578 num
579 3506 828 3599 epistolarum
846 3525 867 3570 a
884 3517 924 3574 te
934 3502 1107 3573 datarum
1121 3503 1250 3592 aliqua
1268 3501 1481 3593 accesserit,
1495 3501 1560 3570 sed
1575 3503 1725 3572 nullam
1739 3502 1885 3596 reperi,
1917 3539 1921 3546 ·

189 3733 194 3750 Ι
271 3667 317 3724 ut
326 3651 417 3722 adeo
433 3643 601 3714 maxima
613 3640 780 3748 alliceret
791 3637 950 3712 tristitia
976 3640 1070 3726 (23).
1121 3637 1233 3706 Nunc
1248 3653 1345 3727 vero,
1372 3635 1480 3727 quasi
1491 3648 1603 3716 tuam¹
1613 3634 1755 3731 ipsius,
1782 3657 1886 3707 ama·

268 3781 430 3875 tissime,
457 3781 691 3872 spectassem
704 3773 843 3844 faciem
862 3773 996 3842 laetari
1044 3772 1094 3840 At
1111 3769 1145 3840 si
1167 3771 1340 3864 Charaga
1366 3773 1445 3862 (15)
1473 3769 1542 3840 illo
1560 3792 1640 3841 non
1665 3791 1757 3841 usus
1780 3792 1884 3845 esses

268 3921 450 4016 epistolae
467 3915 653 4002 curatore,
680 3910 795 4002 plane
820 3905 922 3978 nihil
942 3905 1161 3976 litterarum
1187 3927 1208 3972 a
1232 3919 1271 3973 te
1293 3867 1530 3994 accepissem.
1588 3905 1736 3976 Laudes
1760 3903 1886 4001 igitur
1946 3933 1956 3943 ·

270 4055 447 4127 dicantur
465 4051 560 4122 Deo.
611 4041 936 4139 Quamprimum
954 4027 1083 4110 autem
1107 4027 1185 4110 huc
1209 4059 1457 4131 perveneram
1476 4037 1647 4109 historiis
1669 4039 1883 4110 describen-

267 4190 329 4262 dis*
351 4206 503 4282 operam
530 4179 675 4271 navari,
701 4199 792 4272 quas
812 4197 921 4248 nunc
940 4145 1128 4246 absolutas
1155 4173 1203 4244 ad
1222 4172 1370 4243 dictum
1385 4173 1613 4270 Cbarvagam
1627 4173 1784 4266 pertuli,
1810 4155 1883 4265 qui

267 4324 369 4395 mihi
386 4324 420 4392 L
439 4322 544 4411 illos,
572 4314 772 4408 dequibus
786 4325 941 4382 metum
959 4299 1197 4397 conveneras,
1212 4305 1377 4388 ‚francos
1392 4307 1507 4387 dedit.
1556 4311 1640 4378 Jam
1647 4309 1720 4380 hoc
1736 4323 1882 4400 teneas,

265 4455 425 4532 Lutetia·
436 4473 499 4523 me
518 4461 673 4524 t'necum
691 4443 899 4539 sumpsisse
920 4442 1036 4514 libros
1058 4442 1260 4536 impressos
1281 4444 1462 4538 arabicos,
1490 4441 1717 4536 eosdemque
1738 4411 1893 4539 gallice

156 4559 158 4568 Ι
185 4587 188 4600 '
262 4607 510 4690 versos,quos
518 4587 602 4660 loco
615 4583 762 4657 debitae
774 4578 1210 4678 pecuniaeacceperam:
1236 4579 1411 4672 equibus
1425 4575 1503 4678 hic,
1531 4591 1625 4670 quot
1637 4545 1761 4672 potui,
1788 4557 1893 4662 venf'
