3986 5440
935 479 1306 558 mam

421 659 532 732 Nunc
553 657 683 731 autem
701 656 775 734 tibi
795 658 984 732 scribendi
1000 683 1153 732 caluam
1172 659 1278 732 dedit
1298 661 1461 750 festum,
1487 655 1552 730 cni
1570 653 1934 754 appropinquamus

319 809 409 872 tum
424 795 636 868 nativitatis
652 794 813 868 Domini
837 795 958 866 nostri
971 797 1060 867 Jesu
1080 793 1245 886 Christi,
1272 795 1337 866 cui
1356 795 1410 866 sit
1429 791 1563 890 gloria,
1587 806 1674 862 tum
1700 793 1794 862 novi
1819 791 1933 864 anui.

252 955 255 964 ⁴
319 931 445 1022 Atque
460 929 600 1004 idcirco
623 931 799 1001 officium
817 943 993 1000 nostrum
1017 943 1263 1024 exsequentes
1285 930 1332 1002 de
1357 929 1463 1000 hisce
1481 925 1589 1000 festis
1611 927 1832 1005 illustribus
1856 924 1934 996 tibi

320 1067 577 1170 gratulamur,
602 1080 718 1160 teque
737 1065 1030 1160 complectimur
1045 1079 1085 1138 et
1099 1065 1228 1135 osculo
1240 1040 1407 1136 iraterno
1426 1061 1537 1134 corde
1552 1062 1786 1152 osculamus,
1812 1081 1860 1130 ac
1876 1055 1932 1129 di-

321 1195 462 1271 cimus:
489 1200 622 1290 quovis
635 1222 736 1278 auno
749 1199 887 1276 fruaris
899 1201 1024 1270 salute
1044 1198 1190 1293 optima
1204 1213 1243 1270 et
1265 1197 1582 1287 amoenitatibus,
1608 1197 1753 1270 multos
1768 1192 1933 1288 quidem

320 1353 521 1432 perannos
542 1334 696 1427 diesque
715 1311 977 1430 longissimos,
1003 1349 1044 1404 et
1062 1333 1239 1404 omnibus
1263 1333 1457 1404 attributis
1477 1330 1734 1404 laudabilibus
1748 1325 1930 1426 gaudeas.

318 1467 429 1538 Deus
443 1469 486 1544 0,
499 1467 555 1542 Μ,
571 1483 608 1538 te
619 1468 742 1538 vivere
757 1467 890 1559 faciat,
916 1467 1111 1560 vitamque
1123 1482 1231 1537 tuam
1255 1468 1357 1540 salso
1370 1464 1444 1536 tibi
1466 1481 1506 1536 et
1522 1463 1714 1538 incolumi
1726 1463 1928 1556 proroget!

323 1599 458 1676 Amen.
507 1601 701 1696 Rogamus
722 1617 768 1674 ut
785 1601 1070 1676 venerationem
1088 1616 1257 1698 nostram
1273 1623 1365 1674 curn
1377 1599 1487 1672 omui
1500 1599 1736 1672 observantia
1748 1591 1931 1690 dignissi-

324 1755 410 1809 mae
424 1747 513 1810 tuae
530 1736 699 1834 conjugi,
725 1735 900 1806 dominae
912 1737 1128 1810 reconditae
1143 1733 1319 1828 filiaeque
1331 1734 1541 1808 custoditae
1554 1749 1685 1808 trostm
1698 1727 1863 1812 nomine
1878 1725 1930 1798 ot·

325 1867 439 1960 feras,
466 1868 595 1968 eisque
614 1871 660 1942 de
682 1870 793 1942 dictis
808 1871 916 1942 festis
932 1870 1143 1966 gratuleris.
1194 1869 1335 1940 Itidem
1352 1871 1493 1958 conjux
1512 1881 1650 1946 meoet
1666 1861 1931 1940 filiaetesalu·

208 2097 209 2102 Ἰ
326 2016 432 2095 tant,
459 2003 689 2082 desiderium
708 2029 823 2082 suum
846 2009 1096 2078 asseverantes
1120 2019 1159 2074 et
1172 2006 1414 2102 gratulantur
1431 2017 1619 2098 utsupra.
1670 2001 1763 2074 Vale
1778 1999 1823 2072 in
1836 2019 1931 2070 sem·

194 2209 196 2216 ,
325 2137 540 2236 piternum!
1470 2138 1705 2238 iohannes
1734 2133 1778 2206 N.

427 2274 590 2350 Liburni
604 2275 713 2369 urbe,
737 2275 864 2371 prim0
883 2271 1054 2346 ianuarii
1069 2271 1131 2344 die
1145 2273 1238 2346 anni
1251 2271 1527 2347 MDCCCXXI.

1066 2787 1184 2878 XIV.

529 3039 677 3146 Gratia
698 3037 847 3124 divina
878 3055 921 3122 et
935 3038 1193 3154 benedictio
1239 3037 1454 3144 coelestis,
1486 3035 1935 3147 descendet'beetque
1985 3138 1986 3141 Ν

606 3195 611 3200 ’
643 3187 781 3272 filium
797 3201 997 3270 nostrum
1014 3159 1285 3272 carissimum
1305 3185 1586 3298 spiritualem,
1604 3182 1827 3305 eruditum
1841 3186 1935 3297 (92)

642 3333 694 3417 N.
724 3301 1130 3442 honoratissimum,
1168 3336 1243 3418 cui
1260 3307 1475 3418 Dominus
1490 3333 1605 3417 Deus
1620 3327 1935 3415 benedictione

643 3475 829 3584 coelesti,
847 3477 1081 3564 benedicat
1108 3497 1151 3563 et
1187 3507 1211 3562 a
1237 3508 1324 3592 quo
1354 3499 1514 3566 avertat
1540 3478 1705 3564 malum
1734 3480 1940 3568 omnium

648 3621 939 3728 calamitatum
952 3627 1269 3712 intercessione
1297 3630 1445 3716 matris
1458 3625 1560 3730 Dei,
1589 3627 1775 3740 virginis
1788 3651 1940 3736 prust,

514 3788 523 3854 ·.
644 3768 797 3863 Sancti
810 3770 945 3902 Petri,
976 3789 1019 3860 et
1034 3759 1234 3880 omnium
1257 3773 1531 3864 Sanctorum.
1602 3775 1759 3862 Arnen.

295 4069 297 4078 ·
334 3979 470 4102 Causa
491 4021 679 4122 scribendi
694 4027 787 4098 haec
811 4039 906 4117 erat,
934 4040 979 4098 ut
996 4041 1035 4097 te
1054 4025 1319 4106 benedictione
1339 4025 1587 4121 impertiremss
1640 4031 1744 4102 Tum
1766 4023 1867 4108 scias
1883 4060 1943 4108 me

333 4156 521 4254 accepisse
543 4175 582 4232 et
601 4161 739 4258 legisse
764 4160 967 4253 epistolam
987 4177 1110 4255 tuam,
1154 4163 1263 4252 cujus
1291 4179 1517 4260 argumento
1543 4165 1697 4260 cognito
1729 4187 1945 4244 creatorem

334 4290 379 4360 0.
393 4291 449 4362 Μ.
476 4292 521 4363 de
534 4294 684 4394 integra
700 4296 822 4404 salute
836 4310 904 4366 tua
922 4296 1086 4380 laudari.
1137 4297 1241 4374 Deus
1254 4296 1480 4370 felicitatem
1493 4313 1601 4370 tuam
1614 4299 1815 4396 adaugeat,
1846 4305 1947 4398 quod

335 4427 400 4522 (92
410 4423 448 4513 *)
474 4427 517 4514 in
532 4433 716 4515 memoria
734 4431 1005 4540 tuapermansi
1020 4433 1115 4514 etin
1132 4429 1425 4528 cogitationibus
1443 4433 1519 4504 tuis
1535 4433 1630 4510 vivo,
1657 4435 1758 4508 Nam
1773 4457 1948 4513 moestus

337 4555 497 4654 iniuria,
524 4583 598 4664 qua
617 4570 797 4670 expulsus
814 4591 918 4664 sum,
945 4569 1126 4643 tristiset
1145 4566 1274 4654 animo
1288 4567 1428 4660 fractus
1446 4569 1490 4639 ab
1507 4567 1571 4660 iis,
1599 4571 1666 4662 qui
1677 4593 1807 4666 neque
1819 4577 1949 4656 Deum
