3986 5440
740 467 850 502 uss
906 457 951 530 19
1003 465 1111 498 Μ
1199 451 1204 458 “

111 634 523 736 ducenti'trccentique
536 639 679 734 regales
691 635 813 729 aurei,
838 659 908 730 pro
924 659 999 732 qua
1023 635 1219 730 (pecunia)
1244 637 1386 709 multat
1402 635 1723 732 tibieotquepul-

109 794 195 848 cres
214 771 332 846 libros
356 772 426 852 vili
439 772 555 865 pretii
575 773 728 844 mittere
742 793 911 877 pergam.
1013 765 1210 868 Scriptum
1227 771 1271 846 in
1290 773 1383 846 tuba
1394 775 1561 870 Tunete,
1587 773 1720 846 diebus

109 907 261 984 mancia
285 906 428 978 Martii·
441 907 724 998 MDCCCXXI..

350 1173 412 1284 idn
435 1175 630 1272 lepidum,
661 1175 765 1270 quod
790 1175 834 1250 in
859 1175 957 1250 libro
981 1175 1112 1273 aliqua
1136 1175 1289 1272 tareni,
1313 1177 1511 1277 aenigmat

266 1451 376 1524 Duae
401 1450 496 1541 Ain,
519 1449 595 1520 Ain
621 1447 781 1543 inquam
808 1450 921 1542 duae,
948 1473 1020 1523 nec
1044 1465 1176 1524 tamen
1197 1449 1274 1522 Ain
1298 1445 1492 1558 uidentes,

366 1600 406 1656 et
434 1585 477 1656 in
508 1601 658 1677 quaque
688 1585 828 1658 harum
854 1586 1016 1658 duarum
1040 1587 1118 1660 Ain
1141 1599 1241 1676 tunt,
1260 1585 1355 1658 duae
1379 1587 1470 1658 Nun
1477 1611 1490 1678 3

265 1719 376 1794 Duae
400 1721 510 1812 Nun,
535 1721 625 1792 Nun
651 1721 710 1810 ajo
737 1721 847 1814 duaa,
881 1745 954 1794 nec
978 1735 1110 1794 tamen
1135 1745 1158 1793 a
1183 1723 1327 1795 calamo
1352 1721 1479 1818 pictae

365 1870 405 1927 ct
430 1855 474 1927 in
498 1877 648 1950 quaque
672 1855 812 1929 harum
837 1857 1000 1929 duarum
1023 1857 1134 1952 Nun,
1160 1858 1256 1932 duaa
1279 1857 1367 1934 Ain·
1400 1863 1480 1956 (77)
1575 1856 1577 1864 ¹

837 2123 994 2198 Aliud:

104 2255 108 2262 '
236 2263 240 2271 '
267 2237 419 2330 Pulaavi
435 2257 514 2344 ejus
527 2271 691 2352 portam,
714 2257 832 2333 danea
847 2259 1093 2334 remittebant
1105 2261 1215 2354 ictus,

370 2407 408 2464 et
420 2413 574 2466 mecum
586 2395 790 2491 collocuta,
817 2413 962 2470 memet
986 2397 1209 2470 vulneravit.
1261 2401 1341 2494 (78)
1411 2385 1415 2392 ’

315 3113 424 3202 Viro
474 3113 751 3234 dignissimo,
804 3095 947 3202 amico
979 3109 1220 3208 ¹carissimo
1243 3107 1321 3230 N,
1354 3111 1713 3222 honoratissimo,

429 3323 562 3409 quem
588 3295 706 3383 Deua
737 3292 788 3382 Ο.
805 3291 862 3380 M
893 3255 1058 3382 salvum
1085 3291 1258 3382 reddat!
1318 3297 1414 3414 (79)
1460 3366 1464 3377 .

492 3537 495 3544 .
1438 3505 1453 3548 a

109 3540 334 3678 Postquam
355 3585 571 3679 plurimum
594 3601 786 3678 nostrum,
811 3585 950 3657 faciem
965 3599 1075 3656 tuam
1092 3587 1259 3676 beatam,
1284 3582 1392 3656 omni
1409 3581 1594 3658 felicitate
1611 3601 1713 3652 sum·

96 3739 257 3810 -maque
279 3721 402 3790 salute
430 3707 603 3790 ornatam
625 3719 862 3815 adspiciendi
878 3701 1115 3792 desiderium
1138 3719 1434 3813 declaravimus,
1467 3718 1580 3808 scias,
1619 3731 1708 3786 ante
1810 3759 1814 3765 -

13 3849 16 3856 ’
88 3852 221 3926 ,hunc
243 3853 365 3946 diem,
399 3857 570 3948 ternp'ora
593 3853 830 3932 felicissimos
843 3871 882 3928 et
900 3857 993 3928 hora
1016 3853 1272 3948 nobilissima,
1305 3851 1584 3928 aestimabilem
1597 3855 1715 3920 'tuam

80 4063 87 4072 ‚
111 3989 339 4082 epistolam,
364 3989 427 4059 die
442 3989 531 4060 VIII
544 3991 764 4078 Decembris
780 3979 814 4064 a.
830 4016 866 4087 p.
885 3991 1085 4086 scriptam,
1112 3990 1158 4062 ad
1176 4011 1245 4062 nos
1264 3987 1498 4086 pervenisse,
1530 3977 1594 4050 cui
1609 3957 1716 4050 invo-

111 4124 193 4195 luta
209 4114 412 4215 fuit'alia,
426 4147 493 4218 per
512 4147 673 4198 manum
687 4145 796 4198 tuam
808 4127 960 4196 Tunete
976 4125 1091 4198 nobis
1105 4123 1335 4196 transmissa.
1385 4119 1513 4209 Quam
1528 4114 1629 4205 quod
1647 4129 1719 4222 sta·

112 4259 187 4330 tim
206 4259 256 4332 ad
279 4279 346 4330 nos
367 4259 627 4354 perferendam
646 4254 803 4354 curasti,
837 4261 999 4357 gratiam
1019 4259 1092 4330 tibi
1117 4259 1287 4356 agimus,
1319 4265 1358 4319 et
1384 4245 1577 4318 Dominus
1600 4263 1715 4320 tuum
1777 4295 1778 4298 ,

70 4457 72 4464 .
115 4395 225 4466 nobis
246 4393 417 4466 amorem
437 4411 642 4468 conservet.
681 4397 958 4468 intelleximus
981 4393 1130 4485 omnia,
1157 4406 1254 4481 quae
1272 4377 1499 4476 exposuisti,
1538 4395 1578 4454 at
1597 4381 1643 4452 ob
1662 4401 1717 4450 aa·

117 4527 210 4601 lutis
224 4507 316 4602 tuae
331 4529 592 4628 integritatem
606 4533 735 4606 Deum
749 4533 859 4603 O.M.
881 4527 1138 4602 laudavimus.
1192 4502 1385 4603 Sciipsisti
1407 4527 1448 4584 ta
1468 4531 1636 4590 noctram
1659 4527 1719 4579 su·
