3986 5440
715 489 1058 569 *⁹252*

87 671 185 766 atti,
209 647 392 753 nonnulli
406 673 507 754 mihi
525 685 684 748 restant.
733 673 850 758 Volui
863 672 993 768 itaque
1007 689 1046 748 te
1066 673 1283 768 consulere,
1304 697 1407 748 num
1425 671 1539 767 velis,
1564 689 1610 746 ut
1624 695 1693 748 eos

86 809 156 880 tibi
169 811 334 901 mittam.
376 809 449 880 Sed
468 809 667 880 haerebam
682 831 907 903 responsum
920 785 1038 880 abste
1058 823 1295 902 exspectans..
1340 807 1513 880 Tandem
1527 809 1598 880 hac
1611 829 1693 882 sese

85 915 265 1014 offerente
290 939 593 1036 opportunitate,
629 917 857 1038 Cbawagam
884 943 1031 1040 rogavi,
1070 942 1241 1038 possitne
1273 965 1335 1014 eos
1365 967 1454 1014 eum
1478 941 1566 1012 aliis
1598 963 1696 1014 mer·

27 1118 30 1130 ·
81 1075 269 1166 timoniis
289 1077 335 1147 ad
361 1093 399 1146 te
425 1078 695 1149 transmittere.
760 1078 988 1171 Respondit:
1016 1079 1105 1149 cedo
1131 1079 1230 1168 quod
1250 1099 1359 1172 penes
1385 1091 1421 1150 te
1446 1089 1511 1147 est.
1567 1073 1626 1147 Ita
1656 1077 1696 1150 ei
1734 1151 1745 1166 ,

82 1211 221 1282 tradidi
255 1211 534 1307 quinquaginta
572 1210 751 1282 carminis
790 1212 1020 1306 exemplaria
1061 1221 1100 1280 et
1124 1211 1264 1306 viginti
1298 1205 1469 1304 quinque
1502 1209 1610 1281 illius
1648 1209 1695 1282 de

83 1345 258 1416 columba
277 1360 475 1436 tractatus,
503 1345 621 1414 simul
645 1369 735 1416 cum
753 1345 923 1416 historiis
949 1345 1006 1436 (6)
1033 1344 1230 1438 descriptis
1246 1345 1293 1416 ad
1307 1359 1345 1414 te
1356 1341 1589 1438 perferenda.
1620 1345 1694 1417 Ro-

81 1497 215 1578 garum
230 1492 277 1570 'te
308 1480 408 1568 volo,
436 1493 481 1548 ut
499 1480 567 1551 illa
595 1480 696 1550 mihi
722 1481 823 1574 apud
846 1495 885 1552 te
914 1480 1078 1572 vendas,
1100 1503 1197 1572 quae
1223 1494 1352 1586 autem
1377 1499 1457 1548 non
1479 1478 1694 1550 vendantur

82 1613 182 1707 apud
195 1629 254 1704 te,
281 1613 325 1682 in
343 1614 458 1682 aliam
474 1613 702 1684 Germaniae
716 1611 850 1684 urbem
874 1615 923 1684 ad
943 1615 1154 1687 amicorum
1175 1629 1332 1683 tuorum
1350 1614 1519 1704 aliquem
1542 1611 1691 1704 mittat,

81 1749 147 1842 qui
163 1771 226 1842 eos
241 1747 311 1816 tibi
323 1748 472 1817 vendat.
524 1747 695 1818 Pretium
709 1769 841 1818 eorum
851 1735 1037 1819 'tractatus
1057 1748 1214 1841 quidem
1230 1747 1276 1818 de
1297 1745 1473 1818 columba
1498 1761 1573 1817 tres
1587 1748 1692 1818 iran-

78 1863 369 1974 tos,'caiminis
397 1867 703 1972 sesquifrancum
723 1883 1030 1966 circiterstatuo,
1073 1883 1143 1952 Per
1153 1869 1331 1954 nostrum
1351 1867 1481 1952 autem
1501 1903 1688 1972 amorem,
1722 1974 1727 1984 1
1788 1883 1792 1890 ”

79 2018 136 2088 mi
160 2005 293 2106 frater,
329 2016 382 2084 eis
411 2015 618 2084 vendendis
649 2031 805 2084 strenue
823 2015 1021 2105 incumbe,
1060 2029 1175 2100 tuum
1199 2014 1268 2088 illa
1301 2016 1523 2088 existimans
1557 2014 1691 2086 merci·
1735 2001 1741 2011 ⁶

78 2151 292 2238 monium,
307 2171 378 2218 nee
399 2149 445 2226 de
461 2149 585 2239 pretio
602 2118 829 2240 aeqnissimo
849 2149 1054 2246 consultes.
1106 2147 1215 2241 Quod
1233 2149 1400 2219 maxime
1419 2125 1559 2220 arridet
1577 2149 1622 2220 in
1638 2147 1699 2220 fe-'

77 2271 291 2388 stinatione
314 2282 434 2350 situm
457 2298 529 2372 est,
557 2280 613 2372 ita,
640 2299 684 2352 ut
703 2283 988 2376 quamprimum
1008 2281 1177 2375 pretium
1197 2281 1297 2352 mihi
1310 2283 1451 2354 mittas.
1504 2286 1563 2354 De
1574 2283 1691 2354 infor·

78 2420 192 2504 tunio
225 2417 314 2507 illo,
354 2415 454 2507 quod
479 2416 545 2484 hic
570 2417 730 2507 accidit,
757 2439 890 2486 verum
911 2415 1107 2488 rescivisti.
1176 2417 1322 2486 Mensis
1334 2441 1440 2490 nunc
1467 2434 1524 2490 est
1544 2434 1584 2490 et
1600 2443 1690 2512 qua-

47 2535 294 2630 *tuordecim
312 2551 404 2640 dies,
432 2550 533 2660 quod
549 2574 570 2618 a
585 2551 709 2644 ¹Gallia
722 2551 786 2622 hic
801 2553 999 2645 appulerat
1014 2553 1121 2620 celox
1139 2554 1236 2649 (24),
1263 2553 1511 2650 quadraginta
1523 2569 1685 2646 quatuor

1 2715 3 2722 ’
80 2653 282 2778 tormentis
302 2685 449 2754 bellicis
478 2689 558 2778 (25)
585 2701 624 2755 et
643 2687 823 2758 trecentis
843 2684 1038 2781 sexaginta
1060 2685 1282 2758 homiuibus
1300 2705 1446 2759 onusta.
1474 2689 1576 2760 Haec
1597 2714 1687 2762 cum
1737 2701 1757 2775 ⁴,

71 2823 182 2919 'ignis
204 2823 402 2914 pulverem
418 2820 509 2906 Ι(26)
542 2820 786 2914 corripuisset
797 2821 1009 2912 mitratum,
1044 2829 1124 2890 tot'a
1148 2821 1192 2890 in
1215 2825 1341 2892 adrem
1366 2824 1544 2914 evolavit,
1586 2826 1686 2918 quod

78 2955 242 3030 dimidio
263 2955 377 3024 horae
397 2969 484 3060 post
505 2969 658 3024 noctem
674 2925 841 3026 mediam
865 2955 1119 3048 praeterlapso
1136 2955 1274 3029 evenit
1292 3005 1295 3010 -
1325 2959 1406 3028 Deo
1421 2973 1552 3028 autem
1566 2959 1688 3053 gratia

6 3065 12 3086 ⁸
78 3108 134 3163 ost
160 3090 322 3187 agenda,
349 3088 450 3180 quod
468 3089 584 3179 hujus
604 3090 707 3158 urbis
725 3089 863 3159 incolis
882 3087 1104 3160 detrimenti
1124 3088 1283 3160 omnino
1316 3091 1395 3186 (27)
1422 3089 1525 3162 nihil
1549 3092 1688 3189 impor-

29 3237 33 3240 “
77 3242 201 3299 tatum
215 3239 291 3315 est,
319 3243 362 3291 eo
376 3237 531 3290 tantum
553 3239 731 3326 ercepto,
758 3223 859 3318 quod
882 3225 928 3294 de
944 3226 1197 3294 fenestrarum
1221 3223 1319 3294 vitro
1346 3226 1400 3319 (7)
1426 3226 1591 3336 tractum
1618 3247 1686 3302 est.

77 3363 128 3430 At
143 3383 163 3430 e
180 3356 404 3430 miserandis
419 3353 522 3448 illis,¹
546 3359 669 3450 quiin
687 3383 782 3428 nave
803 3360 1150 3449 commorabantur,
1176 3365 1290 3436 nenio
1314 3360 1442 3454 evasit,
1469 3362 1572 3434 inter
1590 3386 1683 3458 quos

77 3473 259 3566 mulieres
284 3492 400 3562 etiarn
442 3495 654 3564 nonnullae
684 3495 852 3564 fuerunt.
903 3497 1005 3566 Haec
1038 3509 1142 3584 sunt,
1170 3505 1267 3585 quae
1295 3517 1400 3566 nunc
1419 3497 1493 3570 tibi
1523 3501 1684 3571 scribere

76 3627 243 3725 possum.
270 3630 399 3698 Deum
424 3603 510 3718 oro,
532 3643 577 3697 ut
595 3651 658 3697 me
677 3627 947 3722 optimumtibi
968 3607 1273 3723 coinprecantem
1289 3633 1475 3706 exaudiat.
1504 3629 1687 3730 Salutem}

53 3783 57 3792 ·
74 3766 351 3861 sempiternam
371 3762 443 3832 tibi
466 3761 561 3832 dicit
577 3762 722 3832 amicus
742 3778 832 3832 tuus
860 3763 904 3833 N.
931 3764 976 3835 N.

94 3947 97 3954 ·
175 3903 323 3972 Datum
349 3898 410 3968 die
433 3897 574 3986 XXVII
594 3897 765 3970 Octobris
785 3897 878 3968 anni
891 3895 1142 3972 MDCCCXII
1166 3899 1340 3997 Tergesti
1353 3895 1458 3974 urbeU

223 4170 310 4264 ,Mi
329 4173 461 4244 frater!
514 4171 680 4244 narravit
693 4169 794 4244 mibi
808 4170 955 4242 amicus
968 4169 1012 4242 N.
1020 4164 1077 4262 N,
1104 4193 1145 4240 se
1163 4191 1303 4268 magno
1314 4167 1587 4240 familiaritatis
1607 4191 1691 4256 usu¹

79 4320 231 4398 „tecum
245 4309 499 4395 conjunctum
515 4330 614 4399 esse,
640 4308 825 4414 binaeque
836 4323 920 4378 tuas
936 4304 1189 4399 ostenditqess)
1217 4306 1375 4387 litteras,
1404 4301 1451 4369 de
1469 4303 1607 4394 quibus
1622 4327 1692 4390 req

76 4433 427 4537 „henientergavisi
441 4465 573 4512 sumus
600 4445 692 4533 (23).
706 4419 775 4514 vSis
790 4421 878 4537 ergo
894 4409 933 4510 ei
945 4433 1210 4530 nostersocius
1230 4448 1269 4500 et
1281 4428 1437 4501 amicus.
1490 4439 1600 4509 Certe
1625 4441 1691 4524 (3)¹

77 4598 221 4672 „spero,
230 4591 275 4648 ut
283 4577 435 4670 quando
451 4577 657 4676 contigerit
669 4577 826 4668 occasio,
839 4559 1094 4650 mercaturam
1105 4563 1275 4650 aliquam
1289 4562 1429 4642 tacturi
1443 4570 1562 4640 simus
1582 4589 1690 4647 mer-1¹
