3986 5440
718 489 1062 566 m9sw

84 685 138 746 tar
153 669 318 742 laetatus
336 675 475 770 estet,
497 665 656 760 „scriba
681 665 824 764 inquit,
850 669 974 742 amico
992 685 1075 762 tuo,
1099 689 1266 762 eumque
1283 666 1697 742 salutansmeisverhis
1787 711 1802 746 ·.

84 805 156 896 dic,
182 820 229 877 ut
249 803 351 876 mihi
378 803 498 876 lintei
511 803 672 906 ‚aliquid
699 805 867 880 mittat.“
916 805 1091 878 Pretium
1107 804 1212 898 ejus,
1234 825 1298 878 ane
1317 801 1451 876 addere
1462 794 1591 898 jussit,
1618 803 1697 876 cui·

83 963 234 1033 cunque
252 936 439 1032 volueris,
465 937 584 1010 isthic
599 961 681 1028 sese
702 962 782 1010 esse
800 939 1045 1014 traditurum.
1095 938 1390 1034 Quamprimum
1408 937 1697 1037 igituraccepa-

81 1074 133 1150 tis
154 1075 323 1168 litteras,
351 1097 488 1170 quaere
513 1073 558 1146 in
580 1075 734 1150 fabricis
760 1076 931 1150 linteum
943 1077 1169 1172 pulchrum,
1194 1075 1413 1163 latitudinis
1445 1076 1593 1167 solitae,
1619 1073 1698 1144 iilia

81 1209 186 1284 tortis
202 1209 373 1318 etsanis.
408 1209 488 1282 Nec
506 1225 638 1283 tamen
651 1203 908 1286 necessarium
925 1227 1000 1308 est,
1027 1209 1195 1307 optimae
1207 1211 1259 1284 sit
1278 1227 1413 1304 notae,
1439 1233 1526 1282 ecce
1539 1231 1698 1308 segmen

3 1343 12 1440 ζ
62 1344 123 1429 ¹in
144 1345 218 1418 hac
238 1337 415 1440 epistola,
442 1367 518 1439 quo
537 1347 658 1420 utaris
685 1347 908 1443 specimine.
959 1347 1101 1420 Itidem
1122 1347 1228 1418 filius
1251 1349 1334 1438 ejus
1357 1347 1471 1420 Dom.
1490 1345 1699 1439 Mustapha

2 1522 6 1535 .
80 1480 191 1570 iussit
202 1485 267 1553 me
275 1497 320 1566 te
336 1483 502 1592 salutare
518 1503 588 1554 suo
601 1483 762 1558 nomine
780 1499 819 1556 et
832 1505 963 1584 rogare
984 1485 1047 1577 ut,
1073 1483 1107 1554 si
1122 1491 1239 1578 penes
1257 1507 1321 1554 vas
1341 1480 1569 1557 lintamina
1589 1479 1698 1551 valde
1778 1457 1781 1464 Ι

81 1617 237 1714 subtilia
262 1615 342 1718 (46)
368 1617 600 1713 invenisses,
626 1641 760 1692 eorum
785 1619 991 1694 duodecim
1015 1623 1096 1718 (47)
1123 1619 1226 1712 alba,
1251 1641 1410 1718 magna,
1435 1633 1524 1714 apta
1551 1637 1697 1688 crume-

80 1775 155 1826 nae·
177 1756 259 1852 (48)
285 1751 362 1848 ipsl
385 1774 574 1848 sumeres,
602 1753 775 1850 itemque¹
795 1755 1000 1828 duodecim
1023 1747 1229 1853 variegata,
1249 1758 1348 1829 collo
1374 1750 1697 1858 circumligarem,

79 1909 189 1986 porro
201 1886 239 1960 si·
250 1887 353 1982 apud
366 1912 431 1960 vos
445 1889 685 1984 reperiantur
705 1891 945 1964 emunctoria
959 1907 1114 1988 magna,
1139 1872 1218 1964 iilis
1230 1892 1330 1964 sanis
1345 1891 1469 1986 iisque
1487 1890 1585 1958 hene
1607 1905 1696 1957 con·

77 2023 202 2117 sertis,
225 2045 392 2116 quorum
408 2039 558 2110 stamen
573 2025 624 2095 sit
636 2025 817 2118 caestum,
847 2027 1049 2103 subtemen
1061 2024 1204 2118 album,
1229 2025 1405 2122 gossypio
1425 2025 1537 2096 rubro
1553 2021 1696 2114 striata,

79 2179 162 2230 non
181 2155 497 2252 praedominante
512 2160 635 2230 colore
655 2161 739 2231 alho
757 2181 818 2254 ac,
845 2159 947 2253 quod
963 2159 1213 2260 praecipuum
1230 2159 1300 2251 sit,
1321 2173 1403 2230 tote
1421 2157 1508 2230 lino
1525 2173 1592 2230 aut
1612 2179 1697 2228 can·

76 2277 179 2364 nabo
195 2305 384 2382 contexta,
410 2314 461 2362 ne
482 2315 602 2362 cesses
615 2316 686 2364 nec
696 2295 873 2366 verereris
894 2317 937 2364 ea
953 2295 1027 2366 ade
1052 2298 1133 2392 (49)
1160 2294 1569 2388 mittere,·periturum
1588 2290 1695 2362 enim

83 2426 188 2500 nihil
196 2451 210 2518 3
247 2425 282 2496 si
301 2445 389 2498 vero
409 2426 455 2510 ad
472 2426 641 2500 lubitum
654 2427 818 2523 fuerint,
844 2428 948 2523 quod
959 2419 1064 2500 Deus
1080 2429 1186 2522 velit,
1212 2430 1384 2500 multum
1401 2427 1491 2499 inde
1504 2427 1597 2500 boni
1614 2449 1697 2500 esse

25 2659 29 2662 Ι
80 2561 334 2635 nasciturum·
384 2561 639 2656 Quamobrem
652 2587 737 2635 eme
753 2561 939 2658 linteum,
966 2562 1121 2634 collaria
1140 2578 1178 2635 et
1200 2565 1437 2636 emunctoria
1458 2564 1583 2658 iisque
1600 2563 1696 2635 adde

80 2699 232 2772 flabella
247 2711 287 2767 et
302 2677 488 2790 pastillos,
515 2721 601 2770 cave
619 2713 750 2772 tamen
761 2721 811 2772 ne
829 2698 1067 2797 frangantur,
1094 2714 1133 2771 et
1145 2720 1234 2770 cura
1247 2715 1292 2770 ut
1303 2701 1425 2772 linteo
1438 2721 1579 2798 grosso,
1604 2699 1696 2770 alio-

81 2855 172 2926 que,
200 2853 287 2902 cera
302 2831 475 2927 oblinito,
502 2805 675 2927 obducta,
699 2849 875 2906 vecturae
892 2833 1154 2906 mercimoniis
1169 2835 1469 2930 transportandis
1486 2835 1697 2906 destinatae

80 2967 291 3040 tradantur.
343 2966 474 3058 Adjice
490 2983 683 3064 praeterea
706 2967 919 3063 specimina
946 2969 1140 3060 omnium,
1184 2967 1349 3062 quaein
1382 2969 1510 3064 patria,
1528 2985 1597 3040 tua
1620 2991 1695 3040 usu

926 3082 930 3092 v

80 3103 246 3176 veniunt
271 3103 478 3198 mercium,
519 3104 637 3174 etiam
667 3103 789 3199 p'anni
815 3101 935 3203 (49*)
972 3121 1177 3198 earttmque
1202 3104 1380 3176 omnium
1400 3119 1491 3175 nota
1515 3103 1695 3200 pretium.

44 3225 45 3228 ¹
81 3239 162 3312 Deo
185 3240 286 3310 bene
307 3255 480 3340 vertente
505 3259 631 3311 unum
651 3239 762 3312 alteri
781 3263 913 3348 ansam
932 3238 1046 3311 dabit.
1099 3239 1208 3335 Quod
1226 3255 1307 3312 tam
1321 3241 1501 3337 prudenti
1516 3263 1634 3338 quam
1649 3214 1697 3315 tu

86 3397 125 3448 es
146 3375 228 3448 viro
251 3373 343 3446 satis
367 3387 437 3446 est.
487 3374 682 3446 Praeterea
699 3375 980 3473 benignitatem
996 3367 1044 3446 in
1066 3398 1111 3447 eo
1126 3377 1393 3473 spectaverint,
1418 3395 1464 3450 nt
1484 3351 1696 3470 mihinam·

81 3499 172 3606 ties,
215 3495 315 3582 num
337 3511 437 3582 hona
463 3508 565 3604 apud
584 3509 649 3580 vos
677 3511 866 3584 cudentur
886 3520 1007 3603 arma,
1034 3535 1067 3620 e.
1088 3535 1123 3610 g.
1149 3515 1230 3589 tela,
1250 3515 1358 3610 pyria
1383 3515 1577 3589 manualia
1602 3515 1695 3606 (50).

73 3645 241 3744 ¹Quae's'i
264 3645 366 3740 apud
382 3667 451 3716 vos
474 3645 738 3740 reperiuntur,
764 3671 873 3719 sume
890 3647 991 3718 mihi
1016 3670 1085 3741 par
1106 3663 1173 3718 aut
1194 3647 1269 3721 duo
1287 3651 1392 3746 paria
1406 3644 1629 3748 speciminis
1641 3645 1696 3714 la-

3 3815 4 3820 ¹
78 3791 145 3876 co,
176 3804 306 3854 unum
331 3759 458 3853 aeneis
487 3782 652 3856 alterum
679 3783 871 3878 chalybeia
900 3782 1056 3856 laminis
1087 3785 1299 3879 praefixum
1331 3791 1421 3883 (51).
1471 3783 1631 3855 Mittam
1651 3799 1697 3851 ea

82 3887 277 3992 Tunetem
299 3931 357 4012 et,
383 3913 451 3988 ubi
464 3918 710 4012 popularium
725 3887 900 3991 meorum
918 3917 1206 3994 necessitatibus
1222 3927 1277 4026 (9)
1303 3916 1569 4007 convenerint,
1595 3903 1697 3986 m'ul·

3 4149 5 4156 ,
73 4033 216 4128 'ta'tihi
241 4053 427 4126 mandabo
450 4054 711 4149 comparanda.
761 4057 885 4150 Atq'ue
898 4057 971 4128 hoc
992 4056 1177 4128 habebam
1193 4019 1567 4154 tili'exponendum.
1619 4047 1696 4118 Do·

68 4171 364 4302 ,minus'noster
383 4205 423 4262 te
446 4205 644 4264 conservet
658 4204 697 4263 et
710 4191 843 4286 faciat,
871 4193 1125 4286 utoptimum
1144 4193 1208 4264 abs
1230 4206 1269 4264 te
1284 4191 1495 4266 exaudiam.
1549 4183 1697 4258 Salutat
1747 4219 1757 4238 ν

3 4379 9 4435 2
84 4328 128 4398 te'
146 4328 295 4400 amicus
309 4321 411 4397 tuus.
465 4325 511 4398 N.

105 4510 108 4520 ι
190 4449 385 4558 Scriptum
407 4461 469 4536 die
494 4463 548 4536 1v
562 4455 712 4536 'mensis
732 4462 902 4539 ianuarii
920 4459 1194 4539 MDCCCXIV.

871 4757 895 4812 ὓ
