3986 5440
557 901 669 990 Viro
720 899 1003 1020 dignissimo,
1060 843 1204 986 antico
1243 897 1546 1001 dilectissimo,
1603 893 1930 1010 praeclarissimo

674 1051 870 1136 Domino
906 1050 961 1134 N.
994 1045 1356 1152 honoratissimo,
1395 1073 1530 1158 quem
1556 1045 1673 1130 Deus
1712 1054 1937 1140 conservet,

672 1199 887 1312 cujusque
917 1195 1103 1314 gloriam
1135 1213 1181 1281 et
1214 1197 1350 1282 vitam
1382 1189 1629 1310 prolonget
1680 1281 1684 1286 ,

355 1404 576 1541 Postquam
602 1455 683 1537 (38)
708 1471 890 1544 personae
908 1465 996 1520 tuae
1018 1449 1348 1520 aestimatissimae
1374 1446 1475 1540 quod
1499 1446 1536 1516 ei
1553 1445 1712 1516 debetur
1738 1437 1883 1514 honoris
1905 1449 1932 1504 et

354 1585 609 1654 venerationis
629 1585 773 1676 obtuli,
799 1585 1106 1676 desideriumque
1126 1585 1365 1655 uberrimum
1382 1597 1421 1653 et
1441 1597 1576 1652 votum
1590 1601 1791 1650 summurn
1811 1572 1930 1646 lumin

360 1711 475 1785 faciei
491 1733 580 1828 tuae
597 1719 874 1811 hilarissimae,
900 1742 1016 1812 quarn
1036 1721 1139 1790 Deus
1155 1721 1198 1792 Ο.
1216 1720 1274 1792 Μ.
1291 1717 1400 1790 omni
1416 1717 1517 1788 bono
1537 1729 1712 1786 ornatam
1723 1727 1826 1810 tegat
1841 1723 1875 1778 et
1887 1727 1931 1776 cu

356 1850 497 1923 studiat
516 1876 642 1924 coram
661 1853 816 1926 ridendi
838 1869 877 1926 et
907 1855 1195 1948 contemplandi
1221 1853 1422 1926 declaravi:
1462 1863 1615 1942 eornm,
1660 1872 1760 1942 quae
1788 1816 1930 1916 manitus

356 1984 435 2054 tuis
451 2010 473 2056 a
487 2011 550 2060 me
563 1991 808 2085 proponenda
830 2006 922 2060 sunt
947 1991 989 2078 (i.
997 2014 1029 2060 e.
1055 1993 1152 2083 quae
1170 1990 1243 2060 tibi
1267 1989 1429 2060 scribere
1441 1969 1575 2074 ¹volui)
1599 1985 1776 2079 primum
1792 1983 1857 2052 hoc
1875 1990 1928 2063 est,

361 2136 407 2190 ut
432 2121 477 2193 de
497 2125 632 2196 salutis
657 2141 747 2197 tuae
773 2125 996 2224 integritate
1020 2141 1060 2196 et
1084 2148 1213 2195 rerum
1233 2140 1389 2195 tuarum
1410 2137 1513 2193 statu
1535 2123 1634 2192 bono
1654 2137 1695 2191 te
1713 2122 1929 2210 interrogem

354 2255 436 2326 Deo
458 2261 609 2332 volente
627 2257 791 2330 sanitate
811 2277 850 2330 et
868 2260 1137 2331 incolumitate
1154 2260 1381 2353 plenissima
1398 2259 1558 2328 vestitus
1587 2257 1672 2327 eris.
1727 2251 1866 2326 Deinde
1878 2241 1930 2317 nti

355 2391 506 2483 nuntio,
533 2392 634 2486 quod
649 2415 695 2465 ex
713 2395 781 2462 illo
799 2409 971 2488 tempore
990 2415 1066 2486 quo
1083 2393 1225 2486 primas
1246 2393 1408 2485 litteras,
1434 2416 1530 2485 quae
1543 2414 1566 2463 s
1578 2406 1618 2462 te
1636 2389 1683 2462 ad
1698 2363 1932 2460 amicumnos'

355 2538 461 2594 trum
490 2527 748 2620 carissimum,
796 2527 1011 2598 Dominum
1041 2527 1192 2626 Athagg
1218 2527 1473 2604 Muhammed
1498 2581 1507 2599 .
1611 2577 1658 2598 ..
1694 2529 1931 2620 pervenerunt,

356 2657 513 2754 scriptas
530 2661 767 2758 elegantibus
788 2663 867 2732 tuis
885 2663 1060 2733 ductibus
1082 2678 1120 2735 et
1141 2663 1319 2734 dictionis
1333 2665 1430 2736 ‘tuae
1447 2661 1593 2735 nitidae
1610 2662 1931 2732 claritataeormm

234 2831 237 2838 ·
347 2790 538 2866 'vidimusz
565 2819 629 2868 cor
650 2812 826 2866 nostrum
846 2797 1165 2890 preciosissimam
1180 2813 1288 2868 tuam
1304 2799 1518 2869 amicitiam
1539 2796 1751 2891 exoptavit,
1777 2809 1814 2866 et
1829 2787 1930 2861 statim

354 2950 552 3004 summum
566 2931 667 3027 apud
680 2955 748 3002 nos
773 2949 949 3004 exortum
963 2949 1020 3002 est
1033 2933 1263 3004 desiderium
1280 2949 1319 3004 et
1340 2933 1476 3030 ingens
1497 2931 1652 3026 cupido,
1679 2953 1751 3002 nos
1766 2924 1930 3000 nobiliter·

357 3061 396 3131 di
423 3069 486 3152 (88
495 3067 533 3155 *)
560 3092 685 3138 caram
706 3083 815 3138 tuam
834 3091 1036 3163 personam
1059 3069 1339 3164 cognoscendo,
1366 3084 1404 3138 et
1426 3069 1487 3138 die
1514 3091 1557 3138 ac
1582 3047 1694 3137 nocte
1712 3062 1876 3137 meditati
1889 3078 1930 3127 sn·

357 3219 443 3268 mus
464 3199 509 3269 de
531 3203 658 3294 aliqua
676 3205 754 3294 via,
781 3227 855 3296 qua
875 3204 1078 3300 epistolam
1101 3203 1172 3273 tibi
1194 3226 1313 3272 manu
1333 3218 1462 3274 nostra
1481 3204 1745 3274 scriberemus.
1797 3197 1861 3271 Sed
1874 3211 1930 3266 non

355 3331 522 3404 vidimus
543 3359 613 3406 nec
630 3338 752 3407 ullam
769 3337 924 3429 quidem
951 3344 1031 3434 (89)
1059 3339 1247 3408 rationem
1266 3339 1523 3409 sufficientem
1541 3354 1580 3409 et
1593 3339 1677 3409 sine
1698 3331 1929 3432 provocatione

354 3467 427 3538 tibi
449 3471 654 3542 molestum
672 3495 769 3564 esse,
796 3488 836 3541 et
854 3488 967 3566 caput
988 3488 1102 3542 tuum
1119 3472 1240 3542 literis
1265 3451 1444 3546 inanibus
1467 3473 1639 3545 scindere
1663 3477 1746 3568 (90)
1780 3492 1852 3541 non
1869 3443 1931 3534 sutl

354 3601 506 3696 sumus',
533 3628 582 3676 ne
606 3605 646 3678 id
665 3627 773 3703 aegre
796 3607 922 3678 ferres.
962 3609 1168 3708 ,Praeterea
1192 3609 1479 3680 nobilissimum
1502 3609 1681 3678 animum
1700 3609 1817 3678 trium
1837 3593 1933 3674 rescri-

353 3727 471 3809 bendi
490 3740 615 3812 officio
638 3758 834 3836 gravatum
855 3765 934 3814 esse
953 3743 1161 3818 noluimus.
1214 3745 1325 3814 Nunc
1344 3765 1430 3814 vero
1451 3766 1543 3814 cum
1567 3747 1647 3832 (81)
1674 3743 1719 3812 in
1739 3739 1856 3814 literis
1877 3727 1933 3803 tuis

354 3874 675 3948 aestimatissimis
697 3877 917 3949 honorificis
941 3878 987 3949 ad
1008 3879 1157 3975 Alhagg
1171 3861 1425 3950 Muhammed
1443 3880 1488 3948 N.
1517 3879 1623 3949 dulci
1634 3892 1701 3973 tuo
1721 3869 1935 3981 sermoneb?

258 4053 261 4064 »
355 4011 518 4107 nignam
530 4012 607 4082 mei
622 4011 862 4083 mentionem
883 4014 1077 4120 injeceris,
1106 4036 1202 4108 quae
1219 4035 1283 4104 qor
1302 4036 1434 4084 meum
1459 4013 1609 4085 laetitia
1625 4024 1663 4081 et
1678 4013 1818 4108 gaudio
1834 4005 1935 4098 imple

353 4145 425 4237 vit,
453 4169 584 4219 ansam
603 4148 773 4240 aliquam
795 4136 950 4241 nactus,
977 4153 1045 4220 has
1065 4150 1137 4224 tibi
1152 4171 1260 4219 exaro
1282 4149 1448 4238 litteras,
1475 4150 1603 4242 primo,
1615 4161 1658 4217 ut
1671 4146 1776 4240 quod
1789 4141 1879 4215 milti
1894 4140 1935 4205 at

360 4279 534 4354 officium
552 4307 748 4390 exsequar,
770 4271 941 4354 multum
954 4285 1098 4355 bonum
1112 4285 1184 4357 tibi
1198 4285 1421 4376 imprecans,
1435 4284 1649 4380 gratiasque
1659 4303 1777 4378 agens
1790 4299 1853 4372 pro
1862 4287 1937 4364 mag·

363 4397 487 4483 notua
497 4412 592 4514 ¹arga
602 4413 664 4520 me
677 4403 944 4494 benevolentia
959 4391 998 4492 et
1010 4421 1204 4504 suavitate,
1231 4417 1367 4512 quibus
1383 4419 1560 4512 superbia
1571 4441 1638 4486 nos
1653 4414 1838 4488 extulisti.
1860 4414 1938 4481 Deus

365 4547 424 4616 tui
439 4550 583 4624 similes
596 4556 850 4650 multiplicet,
877 4570 915 4625 te
928 4535 1086 4650 sospitet
1103 4572 1140 4625 et
1157 4556 1201 4624 ab
1218 4553 1325 4626 omni
1342 4556 1442 4623 malo
1456 4553 1654 4642 custodiat,
1680 4546 1938 4644 longissimum
