3986 5440
693 422 812 506 §w
866 419 926 507 15''
964 443 1079 474 m*
1151 495 1154 500 Ι

23 681 24 686 ,
82 616 309 716 Tergestum,
335 615 475 702 deinde
493 566 665 718 ιιιιιΙιιιιι
678 629 716 688 et
736 615 802 686 hic
824 613 927 710 apud
948 635 1018 684 nor
1038 609 1382 710 deniquerectigal
1406 610 1486 702 (68)
1512 609 1686 708 aliaeque

82 751 287 848 impensae,
310 753 414 824 unda
434 749 579 822 ridebis
594 765 738 842 quanta
756 749 860 820 hac
848 773 893 822 ιιι
912 750 1106 839 rejectura
1120 746 1185 817 eit.
1294 797 1300 806 .

171 886 287 958 Hoc
275 909 359 980 rpso
380 900 589 958 momento
596 885 712 954 homo
730 885 799 954 ille
817 909 882 956 sex
905 883 982 956 alia
999 877 1195 954 seminum
1210 899 1349 978 genera
1365 837 1405 952 et
1424 879 1468 950 in
1486 879 1548 954 his
1563 883 1688 956 Melu-

81 1017 180 1094 tbiae
206 1019 290 1118 (69)
316 1007 491 1114 apportat
516 1044 612 1115 quae
634 1018 861 1092 caeterioin
817 1017 1055 1112 mcophino
1083 1015 1299 1107 adjunxi,
1289 1029 1344 1086 ιιι
1368 1029 1413 1086 ut
1433 1015 1687 1116 quadraginta
1804 1113 1806 1121 y

76 1151 169 1226 ‘duae
187 1153 272 1226 sint
294 1157 499 1228 chartulae.
552 1147 818 1252 syngrapham
844 1157 924 1252 (70)
949 1153 1163 1226 amicorum
1188 1164 1365 1220 meorum
1386 1149 1505 1222 alicui
1527 1151 1696 1246 tradidi,.

23 1375 28 1394 1
79 1289 144 1383 qui
157 1289 260 1360 mihi
273 1289 501 1378 dodrantem¹
514 1291 631 1386 pretii
650 1289 770 1382 dedit,
797 1287 996 1382 reliquum
1015 1302 1187 1382 tempore
1198 1285 1332 1404 ,futurp
1354 1285 1561 1356 soluturut.
1613 1289 1690 1388 Dp-

80 1423 204 1496 minus
220 1447 285 1495 me
297 1427 494 1521 optimum
507 1425 580 1496 tibi
595 1439 902 1518 comprecantem
922 1417 1111 1510 exaudiat.
1143 1391 1315 1492 Salutem
1328 1419 1403 1488 tibi
1414 1421 1687 1516 sempiternam
1721 1391 1727 1406 ι

78 1537 219 1634 amicus
239 1575 330 1634 tuus
355 1562 402 1636 N.
532 1559 727 1656 Scriptum
746 1559 899 1632 Tunete
918 1574 1053 1630 mente
1066 1555 1240 1634 octobris
1259 1553 1537 1634 MDCCCXVI.

682 1793 1084 1823 A*
1190 1803 1196 1813 .

820 2055 937 2146 VIII.

281 2241 438 2328 Amico
456 2239 678 2325 carissimo
696 2238 923 2358 Chavagae
937 2239 992 2327 N.
1021 2267 1154 2354 quom
1170 2239 1288 2364 Deua
1307 2239 1358 2330 O.
1373 2241 1431 2330 Μ.
1447 2265 1692 2335 conservet

75 2449 179 2564 Post
197 2489 416 2585 plurimum
427 2491 659 2564 desiderium
674 2505 713 2564 te
729 2491 929 2566 certiorem
942 2493 1057 2588 facio,
1084 2495 1185 2590 quod
1197 2495 1318 2568 tribus
1332 2497 1472 2570 abhinc
1487 2503 1684 2576 mensibus

48 2699 50 2704 ,
77 2627 229 2698 litterae
250 2619 326 2698 a'te
339 2627 455 2698 binae
474 2615 807 2700 aestimatiosiniae
826 2653 917 2702 cum
935 2653 1086 2702 cursore
1100 2631 1345 2728 advenerunt,
1371 2632 1439 2728 qui
1453 2635 1605 2732 Tripoli
1625 2662 1686 2710 oo·

79 2762 264 2848 tidentali
279 2763 359 2833 huc
375 2764 529 2834 tendere
541 2767 649 2836 solet.
700 2767 799 2836 Nam
813 2767 987 2862 Chavaga
1000 2769 1043 2838 A.
1059 2769 1120 2838 eas
1134 2739 1315 2865 Tergeeto
1335 2792 1404 2862 per
1417 2770 1532 2842 istam
1552 2773 1683 2846 urbem

78 2897 319 2992 perferendas
334 2899 480 3013 curavit
497 2903 622 2972 multo
645 2923 705 2971 eas
727 2915 817 2972 ante
834 2901 1011 2996 scriptas,
1038 2903 1197 2973 alteram
1212 2903 1274 2973 die
1292 2904 1344 2972 Ν
1359 2903 1571 2999 Februarii,
1596 2911 1688 2982 alte·
1814 2967 1817 2982 .

75 3057 157 3106 ram
182 3037 269 3124 eius
295 3034 438 3120 mensio
465 3033 527 3104 die
553 3034 706 3107 XXVII.
757 3037 957 3128 Equibus
979 3035 1200 3108 valetudine
1217 3051 1286 3122 tua
1306 3035 1496 3112 incolumi
1514 3045 1688 3142 cognita,
1765 3134 1770 3143 ι

76 3171 206 3244 Deum
218 3168 506 3260 celebravimus.
532 3171 587 3240 Ab
605 3170 678 3242 isto
693 3169 784 3240 inde
797 3185 968 3265 tempore
981 3170 1184 3266 epistolam
1197 3195 1220 3244 a
1234 3187 1273 3244 te
1286 3175 1437 3248 nullam
1450 3178 1541 3273 vidi,
1558 3205 1687 3276 quam·

80 3319 194 3399 quam
214 3322 257 3378 et
279 3306 427 3400 litteras
450 3305 542 3376 alias
565 3320 604 3376 et
622 3319 843 3402 argentum,
871 3307 971 3402 quod
990 3307 1145 3378 mittere
1164 3309 1689 3412 promiseraeexspectabam,

23 3529 26 3542 Ι
65 3442 185 3516 ulad
206 3465 272 3514 aas
288 3443 434 3551 basque
457 3441 577 3512 simul
597 3439 875 3534 responderem.
928 3441 1105 3514 Nimium
1125 3465 1212 3516 vero
1224 3446 1398 3522 tardante
1418 3451 1581 3546 epistola
1602 3447 1686 3542 tua,

78 3577 393 3674 commoramur,
419 3578 467 3649 ad
488 3552 681 3671 acceptam
706 3574 816 3646 illam
837 3577 958 3647 oolam
978 3601 1205 3674 responsum
1224 3579 1323 3658 dare.
1378 3585 1514 3682 Itaque
1538 3601 1578 3658 ta
1602 3585 1687 3656 edo-
1770 3591 1777 3608 ‘

80 3737 209 3786 cemus
225 3730 405 3807 respectu
423 3713 638 3804 seminum,
665 3733 756 3784 narn
776 3727 815 3782 et
834 3713 971 3784 florum
989 3715 1136 3806 semina
1154 3730 1194 3787 te
1212 3739 1351 3813 cupere
1370 3719 1617 3818 significasti,
1642 3719 1689 3790 ad

76 3849 191 3922 istam
212 3873 301 3922 rem
326 3870 421 3944 opus
447 3869 527 3918 esse
547 3849 677 3923 decem
698 3847 887 3944 regalibus
911 3815 1051 3942 airas,
1084 3867 1234 3946 praeter
1252 3855 1408 3948 priores.
1467 3851 1688 3945 convenire,

79 4008 167 4057 cum
188 3987 263 4058 illo
282 3983 441 4056 homine
458 4007 537 4094 nou
549 4007 706 4078 possum
734 3983 780 4054 de
801 3999 901 4064 certa
917 3986 1167 4084 quadraginta
1186 4003 1254 4058 aut
1277 3971 1565 4083 quinquaginta
1579 4007 1692 4084 gene·

79 4143 165 4192 rum
184 4143 352 4197 summa.
404 4085 687 4190 Tantummodo
701 4133 794 4214 quot
807 4119 1245 4216 invenerit'apportabit‚
1258 4124 1350 4212 xsive
1371 4119 1501 4188 decem
1515 4122 1622 4216 plus,
1644 4123 1691 4194 ai·

80 4279 123 4324 re
142 4256 304 4326 minue..
344 4255 441 4326 Nam
465 4255 508 4326 in
523 4255 643 4326 hortis
660 4253 736 4349 ipsi
756 4255 1076 4348 circumeundum
1095 4273 1163 4349 eat,
1177 4233 1247 4325 nec
1262 4255 1337 4324 alia
1354 4257 1553 4340 apportare
1568 4273 1693 4352 potest

80 4389 158 4462 nisi
171 4415 281 4486 quae
299 4387 343 4462 in
367 4391 422 4460 eis
447 4391 694 4485 reperiantur.
745 4391 896 4460 Deinde
923 4389 1074 4481 dixisti,
1100 4392 1328 4483 Tergestum
1348 4393 1504 4483 tontum
1524 4391 1696 4486 attigisse

79 4494 337 4624 quadraginti
364 4545 488 4597 unum
508 4549 666 4624 genera,
706 4527 805 4620 quod
827 4525 1034 4626 aegerrime
1054 4525 1149 4610 fero,
1190 4511 1281 4604 quia
1300 4513 1445 4608 inillis
1469 4541 1578 4608 erant
1594 4517 1696 4610 ,apud
