3986 5440
910 477 1334 574 'mssfim

353 689 594 770 etAbdullah
611 681 810 760 lintrensis
834 678 1009 754 centurio
1021 703 1071 756 ac
1082 677 1266 772 Iosephus
1294 677 1514 770 flamensis,
1535 677 1683 772 aliique
1701 704 1722 750 e
1742 680 1912 752 Manlulir

353 848 394 904 te
412 829 589 901 salutant.
641 820 780 913 Bisque
797 832 930 910 terque
945 815 1110 886 salutem
1130 813 1403 906 sempiternam
1426 813 1529 886 tibi
1518 830 1747 906 imprecatur

1004 947 1051 1020 Ν.
1079 947 1300 1020 Sacerdos
1290 947 1434 1036 tnjuria
1458 949 1638 1041 expulsus
1662 947 1910 1078 Bethlehemita.

502 1021 705 1168 Meloduni
722 1083 1021 1160 urbeFebruarit
1039 1085 1107 1154 VlI
1122 1083 1184 1155 die
1203 1083 1297 1154 anni
1316 1083 1571 1156 MDCGCVI.

977 1315 1357 1340 *-

1105 1597 1203 1686 XV.
1253 1609 1258 1618 ’

421 1791 425 1800 ’
463 1935 467 1940 ,
554 1818 718 1905 Gratia
742 1809 890 1898 divina
918 1829 961 1897 et
992 1803 1240 1930 benignitas
1275 1813 1472 1900 coelestis
1506 1809 1740 1898 descendat
1768 1809 1906 1920 heetquc

328 1935 331 1942 Ι
378 1953 381 1960 ’
612 1963 749 2052 filium
764 1975 964 2046 nostrum
982 1960 1271 2072 spiritualem,
1300 1963 1541 2048 Dominum
1563 1959 1815 2044 honoratum
1827 1948 1904 2038 Nll-

611 2111 685 2195 cui
707 2109 823 2194 Deus
842 2107 1058 2194 Dominus
1079 2108 1388 2221 amplissimam
1405 2106 1761 2192 benedictionem
1784 2107 1905 2212 imper-

610 2261 690 2342 tiat
712 2274 757 2343 ct
785 2284 810 2338 a
837 2281 926 2366 quo
947 2255 1111 2342 malum
1141 2259 1342 2340 omnium
1369 2259 1663 2340 tentationum
1681 2267 1832 2352 avertat,
1853 2268 1904 2357 per

611 2401 974 2488 intercessionem
1001 2404 1148 2486 matris
1177 2401 1278 2516 Dei,
1320 2404 1502 2520 virginis
1530 2430 1688 2516 purae,
1723 2395 1903 2504 Sanctiqut

486 2653 489 2660 Δ
591 2547 728 2662 ΙΡθιῐὶ
757 2563 800 2631 et
829 2546 1030 2676 omnium
1058 2547 1331 2635 Sanctorum.
1393 2551 1547 2638 Amen.

357 2800 493 2912 Causa
515 2781 587 2909 hoc
606 2835 794 2908 scribendi
817 2851 890 2930 est,
918 2852 962 2908 ut
986 2853 1025 2910 te
1045 2837 1323 2912 benedicamus.
1376 2841 1507 2934 Nuper
1532 2837 1613 2935 (96)
1646 2861 1670 2908 a
1695 2853 1733 2908 te
1754 2834 1846 2905 allata
1866 2833 1903 2892 est

309 2979 311 2988 '
354 2976 516 3070 epistola
536 2988 574 3044 et
596 2999 692 3067 quae
718 2973 928 3068 exposuisti
949 2974 1226 3048 intelleximus.
1277 2975 1384 3070 Quod
1412 2975 1460 3046 ad
1484 2980 1565 3072 (97)
1590 2974 1744 3069 lignum
1761 2963 1838 3039 mali
1852 2977 1902 3055 gft

352 3107 435 3180 nati
461 3113 539 3202 (93)
565 3110 721 3200 attinet,
763 3109 900 3205 gratias
929 3109 1001 3180 tibi
1017 3111 1165 3206 agimus
1176 3137 1188 3202 3
1237 3133 1331 3181 uxor
1354 3091 1588 3181 centurionis
1607 3109 1654 3178 N.
1680 3160 1689 3179 .
1716 3162 1723 3177 .
1746 3091 1903 3199 peperitft

352 3243 464 3332 liam,
490 3243 654 3334 indeque
672 3244 741 3314 illo
754 3267 834 3314 non
848 3245 1012 3337 amplius
1040 3247 1119 3333 (80)
1145 3267 1239 3339 opus
1258 3260 1324 3317 est.
1351 3245 1502 3338 Peperit
1516 3245 1641 3337 primo
1660 3245 1720 3315 die
1733 3233 1902 3310 mensislu·

354 3378 475 3474 gusti,
502 3377 642 3448 duabus
665 3393 751 3473 post
776 3383 856 3474 (99)
883 3379 1049 3448 mediam
1073 3380 1194 3450 noctis
1217 3381 1321 3451 horis
1341 3381 1614 3473 praeterlapsis.
1668 3383 1765 3450 Deus
1785 3371 1903 3482 salutem

353 3527 460 3584 tuam
478 3529 631 3609 augeat,
659 3512 759 3604 quod
782 3513 949 3589 laborem
968 3530 1123 3610 propter
1145 3537 1213 3585 nos
1241 3519 1345 3602 (roo)
1378 3515 1594 3609 sumpsisti,
1626 3514 1692 3584 sed
1707 3513 1839 3606 lignum
1855 3497 1905 3567 dic·

351 3667 438 3722 tum
462 3650 563 3742 quod
589 3647 751 3745 gravidis
779 3651 1005 3721 mulieribus
1032 3651 1201 3744 prodest,
1223 3623 1337 3720 ¹hand
1368 3650 1580 3741 invenisti·
1627 3649 1768 3720 Gratias
1797 3649 1905 3734 quoque

351 3784 501 3882 agimus
514 3805 588 3878 pro
608 3781 839 3860 testimonio.
890 3784 1156 3878 Dominusque
1181 3801 1309 3856 noster
1331 3788 1506 3856 animum
1522 3801 1636 3855 tuum
1657 3783 1786 3878 erigat,
1808 3769 1905 3843 ⁸⁰D⁶⁰

350 3921 519 4013 volente,
546 3921 590 3990 ab
618 3919 693 3988 hoc
712 3921 933 3990 testimonio
954 3907 1167 3990 utilitatem
1196 3943 1264 3990 nos
1297 3937 1578 4014 essecapturos
1612 3935 1806 4012 speramus·
1854 3905 1904 3972 1⁵1²

349 4079 434 4139 tero
455 4059 500 4128 N.
529 4109 538 4126 .
562 4107 573 4148 ,
600 4053 667 4147 qui
685 4057 784 4126 male
806 4057 851 4125 de
873 4056 982 4126 nobis
1003 4056 1154 4149 locutus
1173 4070 1248 4146 est,
1280 4025 1425 4149 nostine
1444 4079 1568 4126 coram
1591 4053 1764 4122 omnibus
1783 4031 1904 4116 homini·

349 4191 417 4262 bus
441 4189 693 4264 dedecoravit!
713 4191 799 4260 -iste
817 4189 1016 4259 nobiscum
1034 4192 1090 4262 ita
1115 4194 1219 4278 (101)
1246 4191 1353 4287 agit?
1405 4193 1609 4283 Postquam
1620 4189 1717 4257 bene
1735 4186 1768 4252 ei
1784 4175 1844 4250 feci
1854 4189 1905 4240 mt-

351 4327 391 4398 lo
408 4327 507 4397 mihi
527 4325 717 4418 rependit!
770 4325 843 4394 Dic
872 4323 926 4414 ei,
952 4326 1059 4411 (102)
1085 4347 1154 4394 nos
1182 4347 1309 4394 coram
1328 4326 1410 4395 Deo
1432 4328 1493 4414 jus
1520 4339 1694 4395 nostrum
1719 4337 1792 4389 esse
1807 4303 1905 4380 tidiel

351 4475 469 4532 turos.
518 4461 738 4552 Nescisse„
754 4459 855 4552 quod
875 4459 1019 4554 legitur
1041 4459 1084 4528 in
1106 4459 1257 4530 Bibliis:
1310 4460 1385 4555 Qui
1408 4482 1472 4531 vos
1494 4459 1646 4530 vestivit
1669 4457 1770 4544 (103)
1792 4429 1906 4516 vestitit

350 4615 430 4690 me,
458 4591 525 4685 qui
538 4616 602 4664 vos
621 4593 758 4666 afflixit
778 4617 840 4666 me
862 4593 1008 4666 afflixit.
1060 4595 1276 4666 Dominum
1294 4616 1381 4666 vero
1402 4593 1446 4666 N.
1474 4646 1484 4665 .
1511 4647 1519 4666 .
1546 4647 1554 4666 .
1579 4585 1678 4694 qitod
1700 4587 1839 4668 attinet,
1859 4561 1905 4662 qai
1951 4525 1953 4608 i

1889 4781 1892 4788 ’
1950 4839 1952 4944 t

1951 5015 1952 5030 l

1950 5031 1952 5044 4

1951 5053 1952 5068 l
