3986 5440
274 674 361 764 jura
375 661 502 739 suade
527 661 582 756 (7)
609 679 703 728 nave
715 649 892 752 Tergesti
911 649 958 722 iis
977 667 1124 748 erepta,
1152 653 1255 748 apud
1259 675 1470 760 summum
1480 653 1754 750 Magistratum
1765 655 1894 732 vindi·

276 802 411 880 saturi.
461 799 514 868 Ac
528 817 596 889 pro
609 805 712 863 certo
724 790 854 882 habeo¹
871 791 946 878 (8),
972 785 1059 858 illos
1075 809 1170 860 ame
1186 787 1359 880 aliquam
1371 790 1445 860 isto
1463 790 1602 863 itinere
1620 804 1796 884 capturos
1809 817 1894 866 esse

279 941 510 1024 utilitatem,
536 927 737 1022 siquidem
752 922 944 996 Dominus
965 946 1028 993 me
1054 921 1223 1014 adjuvat,
1252 945 1330 1014 quo
1357 922 1590 1017 adspirante,
1615 941 1702 1018 post
1712 941 1788 997 tres
1802 951 1894 1022 qua·

246 1149 252 1178 ,
278 1093 411 1151 tuorve
427 1087 590 1156 menses,
618 1063 791 1176 confecto
816 1057 972 1154 negotio
991 1057 1113 1129 nostri
1125 1058 1220 1150 Bey,
1248 1057 1334 1130 dico
1356 1059 1507 1134 Sultani
1525 1060 1736 1152 Tunensis,
1763 1065 1891 1152 (cujus

253 1285 255 1290 ,
280 1211 442 1312 gloriam
460 1207 564 1274 Deus
582 1199 798 1294 perpetuet)
824 1194 963 1300 redibo.
1016 1195 1113 1266 Nam
1133 1191 1288 1304 amicus·
1300 1217 1408 1264 meus
1435 1193 1504 1288 qui
1527 1193 1593 1262 hic
1615 1211 1891 1290 commoratur,

279 1339 630 1422 Muhammedanus
653 1335 766 1426 alhag
780 1331 824 1400 N.
836 1330 882 1398 N.
916 1328 962 1399 ad
984 1327 1150 1400 curanda
1161 1326 1343 1421 praefecti
1363 1329 1483 1398 nostri
1495 1327 1649 1422 negotia
1663 1331 1894 1428 Tergestum

283 1491 487 1556 accesserat
503 1472 623 1548 tribus
647 1491 737 1538 cum
755 1463 912 1534 navibus
928 1433 1269 1532 mercimoniorum
1285 1462 1548 1554 Tunensium,
1574 1486 1672 1556 quae
1693 1469 1892 1562 venderet,

285 1631 529 1712 quorumque
545 1604 714 1698 pretium
732 1599 973 1693 impenderet
985 1597 1155 1668 emendis
1171 1598 1281 1667 rebus
1298 1597 1455 1702 navibus
1472 1600 1689 1670 necessariis
1717 1606 1772 1698 (9)
1807 1627 1839 1674 e.
1853 1625 1891 1700 g.

285 1753 397 1840 velis,
422 1745 597 1832 funibus,
624 1736 817 1826 anchoris,
844 1733 962 1828 lignis
981 1748 1021 1802 et
1037 1732 1206 1802 trabibus
1226 1731 1273 1802 ad
1294 1754 1406 1802 naves
1427 1733 1694 1827 aedificandas,
1720 1761 1893 1832 quaeque

208 1841 211 1850 i
285 1888 347 1960 his
369 1857 510 1977 similia
531 1887 634 1944 sunt.
672 1873 759 1942 ‚Sed
779 1849 1006 1961 eripuerunt
1024 1869 1061 1938 ei
1082 1891 1219 1938 navem
1239 1889 1359 1937 unam
1379 1869 1565 1963 Terges'ti.
1603 1871 1790 1943 Profectio
1809 1875 1896 1967 qui-

287 2023 375 2095 dem
396 2030 525 2088 nostra
545 2009 619 2091 erit
637 2007 698 2079 die
713 2007 810 2077 Solis
825 2013 956 2074 mane.
1011 2005 1173 2074 Dictum
1188 2017 1302 2074 tuum
1320 2019 1450 2078 autem
1467 2003 1567 2095 quod
1593 2005 1749 2099 attinet,
1774 2001 1816 2079 te
1831 2009 1893 2080 de·

287 2157 385 2229 disse
398 2155 519 2224 solam
533 2111 888 2237 vecturampublici
908 2163 1039 2212 cursus
1068 2145 1151 2233 (pro
1168 2141 1266 2210 libro
1283 2139 1357 2210 tibi
1377 2139 1510 2224 misso)
1537 2143 1615 2226 (ιο)
1642 2143 1892 2240 quadraginta

286 2307 433 2385 septem
445 2290 611 2372 francqs,
636 2278 746 2349 foeda
761 2300 870 2368 saue,
896 2275 952 2344 mi
966 2276 1107 2366 amice,
1133 2295 1190 2342 res
1209 2288 1277 2344 est.
1328 2275 1426 2352 Nam
1439 2297 1529 2346 cum
1541 2277 1686 2346 librum
1697 2277 1744 2348 ad
1760 2303 1892 2350 cursus

215 2495 218 2502 ,
285 2423 434 2522 publici
449 2417 682 2512 praepositos
705 2411 939 2498 attulissem,
966 2409 1237 2504 interroganti,
1263 2425 1453 2502 quantum
1475 2410 1657 2482 mercedis
1670 2415 1894 2506 postulent?

288 2553 585 2651 responderunt,
613 2547 780 2618 adecem
802 2548 923 2636 usque
945 2543 991 2614 ad
1011 2543 1211 2614 duodecim
1226 2543 1384 2616 francos.
1411 2547 1607 2640 Quomodo
1630 2569 1720 2642 ergo
1739 2549 1895 2642 quadra·

290 2696 399 2794 ginta
420 2700 570 2780 septem
582 2683 818 2754 sumserunt!
871 2678 975 2749 Dein
994 2678 1050 2747 mi
1064 2679 1197 2771 frater,
1224 2679 1325 2772 quod
1342 2681 1501 2776 rogasti,
1528 2698 1573 2752 ut
1592 2683 1664 2752 tibi
1685 2684 1895 2756 describam

289 2826 479 2915 historias,
506 2845 598 2913 quas
612 2814 830 2914 designasti,
843 2815 943 2924 bono
958 2815 1008 2884 sis
1022 2814 1163 2902 animo,
1189 2815 1364 2906 protinus
1381 2839 1423 2886 ac
1438 2839 1642 2910 pervenero
1655 2821 1895 2916 Tergestum,

292 2965 364 3038 tibi
380 2985 440 3032 eas
461 2957 678 3028 describam.
731 2953 794 3022 Tu
814 2951 946 3040 modo,
973 2949 1086 3018 mitte
1102 2949 1151 3016 sis
1173 2950 1452 3046 quinquaginta
1467 2951 1614 3020 francos
1628 2953 1675 3022 ad
1686 2953 1898 3026 amicorum

289 3117 447 3170 tuorum
463 3094 631 3184 aliquem
643 3093 735 3176 (11),
760 3108 856 3178 quos
877 3083 1027 3176 quando
1044 3083 1130 3152 illas
1148 3083 1408 3177 descripserim
1424 3101 1462 3156 et
1476 3085 1541 3155 cui
1555 3087 1717 3158 volueris
1736 3090 1899 3163 tradids·
1991 3163 1992 3178 ,

222 3292 226 3298 .
291 3235 368 3307 rim
394 3233 492 3318 (12),
538 3225 638 3334 mihi
664 3220 817 3310 reddat,
868 3219 981 3310 idque
1006 3219 1201 3288 beneficiis
1233 3220 1277 3290 iu
1296 3243 1373 3290 me
1415 3221 1494 3292 tuis
1517 3245 1586 3315 pro
1614 3225 1899 3316 complemento

293 3333 465 3457 adjicias,
492 3375 538 3430 ut
563 3361 643 3448 (13)
668 3356 837 3446 litterae,
862 3377 955 3446 quas
981 3353 1027 3423 ad
1049 3377 1111 3423 me
1128 3353 1300 3448 dederis,
1318 3354 1510 3428 immunes
1526 3357 1604 3427 sint
1624 3358 1790 3444 vehendi
1802 3382 1902 3430 mer·

294 3494 403 3592 cede,
430 3491 754 3590 quemadmodum
770 3491 847 3560 huc
860 3491 1118 3589 usqueiacere
1142 3491 1278 3562 solitus
1293 3515 1344 3562 es.
1395 3494 1454 3562 De
1465 3478 1812 3583 libroAlMakrisi,
1836 3491 1902 3565 be-
1990 3519 1991 3530 *

292 3639 412 3737 nigne
431 3653 585 3702 mecum
597 3649 685 3726 agas
699 3628 848 3718 amabo,
874 3627 1015 3697 amicos
1035 3641 1121 3696 tuos
1143 3643 1358 3720 exspectare
1370 3627 1545 3720 hortans,
1572 3629 1690 3698 donec
1702 3627 1902 3698 Lutetiam
1989 3655 1991 3714 l

255 3845 261 3858 ,
292 3771 491 3860 redierim,
518 3765 603 3857 ubi,
630 3763 772 3862 siquid
785 3761 998 3858 cupierint,
1025 3761 1281 3856 descripturus
1292 3783 1390 3832 sum.
1423 3765 1528 3858 Quae
1548 3779 1761 3837 extanttua
1775 3759 1919 3860 deme,

295 3905 450 3997 merita,
476 3926 546 3997 pro
566 3901 620 3971 eis
643 3921 886 3994 summopere
905 3912 1043 3996 augeat
1062 3897 1169 3968 Deus
1190 3897 1417 3968 felicitatem
1447 3915 1567 3972 tuam.
1617 3897 1807 3992 Equidem
1832 3919 1903 3991 per

290 4042 468 4114 numinis
488 4039 745 4128 majestatem,
771 4055 887 4127 quam
901 4033 1060 4104 diuvita
1072 4033 1208 4104 furens
1226 4055 1426 4129 nunquam
1437 4035 1499 4104 tui
1512 4019 1720 4104 immemor
1728 4055 1803 4104 ero.
1828 4033 1903 4106 lla·

263 4219 267 4228 ‹
293 4194 427 4274 spectu
447 4174 634 4246 mercium
652 4193 845 4263 mearum,
872 4189 969 4262 quae
977 4187 1094 4262 penes
1116 4183 1156 4238 te
1173 4183 1283 4262 sunt,
1310 4169 1467 4264 eoquod
1482 4168 1668 4262 scripsisti
1680 4181 1902 4261 permutan-

221 4367 226 4370 .
294 4312 449 4404 dmm,
484 4305 880 4402 quidquidplacuerit
895 4301 1048 4373 mittere
1061 4319 1169 4396 potes
1188 4305 1379 4375 advirum
1403 4303 1505 4374 mihi
1523 4303 1803 4400 amicissimam
1816 4303 1901 4376 nea

294 4449 438 4538 Susan,
460 4443 672 4514 oriundum
689 4463 736 4512 ex
757 4439 890 4510 eadem
902 4459 1056 4509 mecum
1069 4435 1215 4532 patria,
1229 4442 1396 4512 sodalem
1409 4439 1516 4509 ralde
1530 4439 1666 4530 fidum,
1691 4438 1904 4512 hominum

293 4597 439 4654 merces
451 4567 1159 4688 fideisuaecommissasveudi'tantem.
1209 4577 1328 4666 Cujus
1339 4591 1379 4648 et
1393 4575 1547 4648 nomini
1559 4589 1598 4645 et
1610 4571 1822 4648 habitaculi
1837 4573 1902 4660 da·
